\begin{filecontents}{\jobname.bib}
@IEEEtranBSTCTL{IEEEexample:BSTcontrol,
  CTLuse_forced_etal       = "yes",
  CTLmax_names_forced_etal = "20",
  CTLnames_show_etal       = "20",
  CTLdash_repeated_names   = "yes"
}


% testing
@article{jeong2018tutorial,
  title={Tutorial: {N}euromorphic spiking neural networks for temporal learning},
  author={Jeong, Doo Seok},
  journal={Journal of Applied Physics},
  volume={124},
  number={15},
  pages={152002:1--14},
  year={2018}
}
@article{pfeiffer2018deep,
  title={Deep learning with spiking neurons: {O}pportunities and challenges},
  author={Pfeiffer, Michael and Pfeil, Thomas},
  journal={Frontiers in Neuroscience},
  volume={12},
  pages={774:1--18},
  year={2018}
}
@article{tavanaei2019deep,
  title={Deep learning in spiking neural networks},
  author={Tavanaei, Amirhossein and Ghodrati, Masoud and Kheradpisheh, Saeed Reza and Masquelier, Timothee and Maida, Anthony},
  journal={Neural Networks},
  volume={111},
  pages={47--63},
  year={2019}
}
@article{roy2019towards,
  title={Towards spike-based machine intelligence with neuromorphic computing},
  author={Roy, Kaushik and Jaiswal, Akhilesh and Panda, Priyadarshini},
  journal={Nature},
  volume={575},
  number={7784},
  pages={607--617},
  year={2019}
}
@article{stein1965theoretical,
  title={A theoretical analysis of neuronal variability},
  author={Stein, Richard B},
  journal={Biophysical Journal},
  volume={5},
  number={2},
  pages={173--194},
  year={1965}
}
@article{izhikevich2003simple,
  title={Simple model of spiking neurons},
  author={Izhikevich, Eugene M},
  journal={IEEE Transactions on Neural Networks},
  volume={14},
  number={6},
  pages={1569--1572},
  year={2003}
}
@article{indiveri2011neuromorphic,
  title={Neuromorphic silicon neuron circuits},
  author={Indiveri, Giacomo and Linares-Barranco, Bernab{\'e} and Hamilton, Tara Julia and Van Schaik, Andr{\'e} and Etienne-Cummings, Ralph and Delbruck, Tobi and Liu, Shih-Chii and Dudek, Piotr and H{\"a}fliger, Philipp and Renaud, Sylvie and others},
  journal={Frontiers in Neuroscience},
  volume={5},
  pages={73:1--23},
  year={2011}
}
@article{soleimani2012biologically,
  title={Biologically inspired spiking neurons: {Piecewise} linear models and digital implementation},
  author={Soleimani, Hamid and Ahmadi, Arash and Bavandpour, Mohammad},
  journal={IEEE Transactions on Circuits and Systems I: Regular Papers},
  volume={59},
  number={12},
  pages={2991--3004},
  year={2012}
}
@article{li2012fpga,
  title={An {FPGA}-based silicon neuronal network with selectable excitability silicon neurons},
  author={Li, Jing and Katori, Yuichi and Kohno, Takashi},
  journal={Frontiers in Neuroscience},
  volume={6},
  pages={183:1--13},
  year={2012}
}
@article{bonabi2014fpga,
  title={{FPGA} implementation of a biological neural network based on the {Hodgkin-Huxley} neuron model},
  author={Yaghini Bonabi, Safa and Asgharian, Hassan and Safari, Saeed and Nili Ahmadabadi, Majid},
  journal={Frontiers in Neuroscience},
  volume={8:1--12},
  pages={379},
  year={2014}
}
@article{wang2013fpga,
  title={An {FPGA} implementation of a {P}olychronous spiking neural network with delay adaptation},
  author={Wang, Runchun Mark and Cohen, Gregory and Stiefel, Klaus M and Hamilton, Tara Julia and Tapson, Jonathan Craig and van Schaik, Andr{\'e}},
  journal={Frontiers in Neuroscience},
  volume={7},
  pages={14:1--14},
  year={2013}
}
@article{khoyratee2019optimized,
  title={Optimized real-time biomimetic neural network on {FPGA} for bio-hybridization},
  author={Khoyratee, Farad and Grassia, Filippo and Sa{\"\i}ghi, Sylvain and Levi, Timoth{\'e}e},
  journal={Frontiers in Neuroscience},
  volume={13},
  pages={3771:1--17},
  year={2019}
}








@inproceedings{wielgosz2008highly,
  title={Highly efficient structure of 64-bit exponential function implemented in {FPGAs}},
  author={Wielgosz, Maciej and Jamro, Ernest and Wiatr, Kazimierz},
  booktitle={International Workshop on Applied Reconfigurable Computing},
  pages={274--279},
  year={2008}
}
@inproceedings{de2010floating,
  title={Floating-point exponential functions for {DSP}-enabled {FPGAs}},
  author={De Dinechin, Florent and Pasca, Bogdan},
  booktitle={International Conference on Field-Programmable Technology},
  pages={110--117},
  year={2010}
}
@inproceedings{malik2015high,
  title={High throughput floating point exponential function implemented in {FPGA}},
  author={Mal{\'\i}k, Peter},
  booktitle={IEEE Computer Society Annual Symposium on VLSI},
  pages={97--100},
  year={2015}
}
@inproceedings{ortega2014high,
  title={High precision {FPGA} implementation of neural network activation functions},
  author={Ortega-Zamorano, Francisco and Jerez, Jos{\'e} M and Ju{\'a}rez, Gustavo and P{\'e}rez, Jorge O and Franco, Leonardo},
  booktitle={IEEE Symposium on Intelligent Embedded Systems (IES)},
  pages={55--60},
  year={2014}
}
@inproceedings{nilsson2014hardware,
  title={Hardware implementation of the exponential function using {T}aylor series},
  author={Nilsson, Peter and Shaik, Ateeq Ur Rahman and Gangarajaiah, Rakesh and Hertz, Erik},
  booktitle={NORCHIP},
  pages={1--4},
  year={2014}
}
@inproceedings{partzsch2017fixed,
  title={A fixed point exponential function accelerator for a neuromorphic many-core system},
  author={Partzsch, Johannes and H{\"o}ppner, Sebastian and Eberlein, Matthias and Sch{\"u}ffny, Rene and Mayr, Christian and Lester, David R and Furber, Steve},
  booktitle={IEEE International Symposium on Circuits and Systems (ISCAS)},
  pages={1--4},
  year={2017}
}
@inproceedings{caron2011fpga,
  title={{FPGA} implementation of a spiking neural network for pattern matching},
  author={Caron, Louis-Charles and Mailhot, Fr{\'e}d{\'e}ric and Rouat, Jean},
  booktitle={IEEE International Symposium of Circuits and Systems (ISCAS)},
  pages={649--652},
  year={2011}
}
@inproceedings{ambroise2013biorealistic,
  title={Biorealistic spiking neural network on {FPGA}},
  author={Ambroise, Matthieu and Levi, Timothee and Bornat, Yannick and Saighi, Sylvain},
  booktitle={Annual Conference on Information Sciences and Systems (CISS)},
  pages={1--6},
  year={2013}
}
@inproceedings{kim2020isqed,
  title={{TS-EFA}: Resource-efficient High-precision Approximation of Exponential Functions Based on Template-scaling Method},
  author={Kim, Jeeson and Kornijcuk, Vladimir and Jeong, Doo Seok},
  booktitle={International Symposium on Quality Electronic Design (ISQED)},
  year={2020}
}


@book{gerstner2002spiking,
  title={Spiking neuron models: {S}ingle neurons, populations, plasticity},
  author={Gerstner, Wulfram and Kistler, Werner M},
  year={2002},
  publisher={Cambridge University Press}
}
@book{dayan2001theoretical,
  title={Theoretical neuroscience},
  author={Dayan, Peter and Abbott, Laurence F},
  year={2001},
  publisher={London: MIT Press}
}









































@online{darpaS,
  	author={{\relax Defense Advanced Research Projects Agency (DARPA), Microsystems Technology Office/MTO Broad Agency Announcement}},
  	title={Supply chain hardware integrity for electronics defense ({SHIELD})},
  	year={2014}
}
@techreport{rukhin2001statistical,
  	title={A statistical test suite for random and pseudorandom number generators for cryptographic applications},
  	author={Rukhin, Andrew and Soto, Juan and Nechvatal, James and Smid, Miles and Barker, Elaine},
  	year={2010},
  	institution={DTIC Document}
}
@techreport{NISTSTS:Bassham:2010:SRS:2206233,
 	author={Bassham, Lawrence E. and Rukhin, Andrew L. and Soto, Juan and Nechvatal, James R. and Smid, Miles E. and Barker, Elaine B. and Leigh, Stefan D. and Levenson, Mark and Vangel, Mark and Banks, David L. and Heckert, Nathanael Alan and Dray, James F. and Vo, San},
 	title={{SP 800-22 Rev. 1a. A} Statistical Test Suite for Random and Pseudorandom Number Generators for Cryptographic Applications},
 	year={2010},
 	institution={National Institute of Standards \& Technology (NIST)}
} 
@techreport{perez2010non,
  	title={Non-Volatile Memory: Emerging Technologies And Their Impacts on Memory Systems {(TR-060)}},
  	author={Perez, T and De Rose, CAF},
  	year={2010},
  	institution={Technical Report, Faculdade de Inform{\'a}tica, Pontif{\i}cia Universidade Cat{\'o}lica do Rio Grande do Sul (PUCRS)}
}
@misc{bazes1990cmos,
    title={{CMOS} complementary self-biased differential amplifier with rail-to-rail common-mode input-voltage range},
    author={Bazes, Mel},
    year={1990},
    month=sep # "~18",
    publisher={Google Patents}, 
    note={{US} Patent 4,958,133}
}







































@article{pang2019memristors,
    title={Memristors for Hardware Security Applications},
    author={Pang, Yachuan and Gao, Bin and Lin, Bohan and Qian, He and Wu, Huaqiang},
    journal={Advanced Electronic Materials},
    pages={1800872:1--17},
    year={2019}
}
@article{sahay2017recent,
    title={Recent trends in hardware security exploiting hybrid {CMOS}-resistive memory circuits},
    author={Sahay, Shubham and Suri, Manan},
    journal={Semiconductor Science and Technology},
    volume={32},
    number={12},
    pages={123001:1--17},
    year={2017}
}
@article{kim2011functional,
    title={A functional hybrid memristor crossbar-array/{CMOS} system for data storage and neuromorphic applications},
    author={Kim, Kuk-Hwan and Gaba, Siddharth and Wheeler, Dana and Cruz-Albrecht, Jose M and Hussain, Tahir and Srinivasa, Narayan and Lu, Wei},
    journal={Nano Letters},
    volume={12},
    number={1},
    pages={389--395},
    year={2011}
}
@article{bayat2016advancing,
    title={Advancing memristive analog neuromorphic networks: Increasing complexity, and coping with imperfect hardware components},
    author={Bayat, F Merrikh and Prezioso, M and Chakrabarti, B and Kataeva, I and Strukov, DB},
    journal={arXiv preprints 1611.04465},
    year={2016}
}
@article{alibart2012high,
    title={High precision tuning of state for memristive devices by adaptable variation-tolerant algorithm},
    author={Alibart, Fabien and Gao, Ligang and Hoskins, Brian D and Strukov, Dmitri B},
    journal={Nanotechnology},
    volume={23},
    number={7},
    pages={075201:1--7},
    year={2012}
}
@article{adam20173d,
    title={{3-D} memristor crossbars for analog and neuromorphic computing applications},
    author={Adam, Gina C and Hoskins, Brian D and Prezioso, Mirko and Merrikh-Bayat, Farnood and Chakrabarti, Bhaswar and Strukov, Dmitri B},
    journal={IEEE Transactions on Electron Devices},
    volume={64},
    number={1},
    pages={312--318},
    year={2017}
}
@article{moors2016resistive,
    title={Resistive Switching Mechanisms on {TaO}$_x$ and {SrRuO}$_3$ Thin-Film Surfaces Probed by Scanning Tunneling Microscopy},
    author={Moors, Marco and Adepalli, Kiran Kumar and Lu, Qiyang and Wedig, Anja and Bäumer, Christoph and Skaja, Katharina and Arndt, Benedikt and Tuller, Harry Louis and Dittmann, Regina and Waser, Rainer and others},
    journal={Acs Nano},
    volume={10},
    number={1},
    pages={1481--1492},
    year={2016}
}
@article{chang2011oxide,
    title={Oxide double-layer nanocrossbar for ultrahigh-density bipolar resistive memory},
    author={Chang, Seo Hyoung and Lee, Shin Buhm and Jeon, Dae Young and Park, So Jung and Kim, Gyu Tae and Yang, Sang Mo and Chae, Seung Chul and Yoo, Hyang Keun and Kang, Bo Soo and Lee, Myoung-Jae and others},
    journal={Advanced Materials},
    volume={23},
    number={35},
    pages={4063--4067},
    year={2011}
}
@article{yang2017hardware,
    title={Hardware designs for security in Ultra-Low-Power {IoT} systems: an overview and survey},
    author={Yang, Kaiyuan and Blaauw, David and Sylvester, Dennis},
    journal={IEEE Micro},
    volume={37},
    number={6},
    pages={72--89},
    year={2017}
}
@article{okumura2012128,
  	title={A 128-bit Chip Identification Generating Scheme Exploiting Load Transistors\rq{} Variation in {SRAM} Bitcells},
  	author={Okumura, Shunsuke and Yoshimoto, Shusuke and Kawaguchi, Hiroshi and Yoshimoto, Masahiko},
  	journal={IEICE Transactions on Fundamentals of Electronics, Communications and Computer Sciences},
  	volume={95},
  	number={12},
  	pages={2226--2233},
  	year={2012}
}
@article{strukov2005cmol,
    title={{CMOL FPGA}: A reconfigurable architecture for hybrid digital circuits with two-terminal nanodevices},
    author={Strukov, Dmitri B and Likharev, Konstantin K},
    journal={Nanotechnology},
    volume={16},
    number={6},
    pages={888--900},
    year={2005}
}
@article{hoskins2017maximizing,
    title={Maximizing stoichiometry control in reactive sputter deposition of {TiO$_2$}},
    author={Hoskins, Brian D and Strukov, Dmitri B},
    journal={Journal of Vacuum Science \& Technology A: Vacuum, Surfaces, and Films},
    volume={35},
    number={2},
    pages={020606:1--4},
    year={2017}
}
@article{lin2013resistive,
    title={Resistive switching mechanisms relating to oxygen vacancies migration in both interfaces in {Ti/HfO$_x$/Pt} memory devices},
    author={Lin, YS and Zeng, F and Tang, SG and Liu, HY and Chen, C and Gao, S and Wang, YG and Pan, F},
    journal={Journal of Applied Physics},
    volume={113},
    number={6},
    pages={064510},
    year={2013}
}
@article{ielmini2011thermochemical,
    title={Thermochemical resistive switching: Materials, mechanisms, and scaling projections},
    author={Ielmini, Daniele and Bruchhaus, Rainer and Waser, Rainer},
    journal={Phase Transitions},
    volume={84},
    number={7},
    pages={570--602},
    year={2011}
}
@article{tsuruoka2015redox,
    title={Redox reactions at {Cu, Ag/Ta$_2$O$_5$} interfaces and the effects of Ta$_2$O$_5$ film density on the forming process in atomic switch structures},
    author={Tsuruoka, Tohru and Valov, Ilia and Tappertzhofen, Stefan and van den Hurk, Jan and Hasegawa, Tsuyoshi and Waser, Rainer and Aono, Masakazu},
    journal={Advanced Functional Materials},
    volume={25},
    number={40},
    pages={6374--6381},
    year={2015}
}
@article{lenser2015formation,
    title={Formation and movement of cationic defects during forming and resistive switching in {SrTiO$_3$} thin film devices},
    author={Lenser, Christian and Koehl, Annemarie and Slipukhina, Ivetta and Du, Hongchu and Patt, Marten and Feyer, Vitaliy and Schneider, Claus M and Lezaic, Marjana and Waser, Rainer and Dittmann, Regina},
    journal={Advanced Functional Materials},
    volume={25},
    number={40},
    pages={6360--6368},
    year={2015}
}
@article{miao2011observation,
    title={Observation of two resistance switching modes in {TiO$_2$} memristive devices electroformed at low current},
    author={Miao, Feng and Yang, J Joshua and Borghetti, Julien and Medeiros-Ribeiro, Gilberto and Williams, R Stanley},
    journal={Nanotechnology},
    volume={22},
    number={25},
    pages={254007},
    year={2011}
}
@article{strukov2012resistive,
    title={Resistive switching phenomena in thin films: Materials, devices, and applications},
    author={Strukov, DB and Kohlstedt, H},
    journal={MRS Bulletin},
    volume={37},
    number={2},
    pages={108--114},
    year={2012}
}
@article{waser2009redox,
    title={Redox-based resistive switching memories--nanoionic mechanisms, prospects, and challenges},
    author={Waser, Rainer and Dittmann, Regina and Staikov,   Georgi and Szot, Kristof},
    journal={Advanced Materials},
    volume={21},
    number={25-26},
    pages={2632--2663},
    year={2009}
}
@article{colombier2017key,
    title={Key reconciliation protocols for error correction of silicon {PUF} responses},
    author={Colombier, Brice and Bossuet, Lilian and Fischer, Viktor and H{\'e}ly, David},
    journal={IEEE Transactions on Information Forensics and Security},
    volume={12},
    number={8},
    pages={1988--2002},
    year={2017}
}
@article{atzori2010internet,
  	title={The {I}nternet of {T}hings: A survey},
  	author={Atzori, Luigi and Iera, Antonio and Morabito, Giacomo},
  	journal={Computer Networks},
  	volume={54},
  	number={15},
  	pages={2787--2805},
  	year={2010}
}
@article{stankovic2014research,
  	title={Research directions for the {I}nternet of {T}hings},
  	author={Stankovic, John A},
  	journal={IEEE Internet of Things Journal},
 	volume={1},
  	number={1},
  	pages={3--9},
  	year={2014},
}
@article{sutar2018d,
    title={{D-PUF}: An Intrinsically Reconfigurable {DRAM PUF} for Device Authentication and Random Number Generation},
    author={Sutar, Soubhagya and Raha, Arnab and Kulkarni, Devadatta and Shorey, Rajeev and Tew, Jeffrey and Raghunathan, Vijay},
    journal={ACM Transactions on Embedded Computing Systems (TECS)},
    volume={17},
    number={1},
    pages={17:2--31},
    year={2018}
}
@article{giterman2018gain,
    title={Gain-Cell Embedded {DRAM}-Based Physical Unclonable Function},
    author={Giterman, Robert and Weizman, Yoav and Teman, Adam},
    journal={IEEE Transactions on Circuits and Systems I: Regular Papers},
    number={99},
    pages={1--11},
    year={2018}
}
@article{suh2007aegis,
    title={Aegis: A single-chip secure processor},
    author={Suh, G Edward and O'Donnell, Charles W and Devadas, Srinivas},
    journal={IEEE Design \& Test of Computers},
    volume={24},
    number={6},
    pages={570--580},
    year={2007}
}
@article{yu2010secure,
    title={Secure and robust error correction for physical unclonable functions},
    author={Yu, Meng-Day and Devadas, Srinivas},
    journal={IEEE Design \& Test of Computers},
    volume={27},
    number={1},
    pages={48--65},
    year={2010}
}
@article{aman2017mutual,
    title={Mutual authentication in {IoT} systems using physical unclonable functions},
    author={Aman, Muhammad Naveed and Chua, Kee Chaing and Sikdar, Biplab},
    journal={IEEE Internet of Things Journal},
    volume={4},
    number={5},
    pages={1327--1340},
    year={2017}
}
@article{wang2018current,
     title={Current Mirror Array: A Novel Circuit Topology for Combining Physical Unclonable Function and Machine Learning},
    author={Wang, Zheng and Chen, Yi and Patil, Aakash and Jayabalan, Jayasanker and Zhang, Xueyong and Chang, Chip-Hong and Basu, Arindam},
  journal={IEEE Transactions on Circuits and Systems I: Regular Papers},
    volume={65},
    number={4},
    pages={1314--1326},
    year={2018}
}
@article{he2018reliable,
    title={A Reliable Strong {PUF} Based on Switched-Capacitor Circuit},
    author={He, Zhangqing and Wan, Meilin and Deng, Jie and Bai, Chuang and Dai, Kui},
    journal={IEEE Transactions on Very Large Scale Integration (VLSI) Systems},
    volume={26},
    number={6},
    pages={1073--1083},
    year={2018}
}
@article{tian2001analysis,
    title={Analysis of temporal noise in {CMOS} photodiode active pixel sensor},
    author={Tian, Hui and Fowler, Boyd and Gamal, Abbas E},
    journal={IEEE Journal of Solid-State Circuits},
    volume={36},
    number={1},
    pages={92--101},
    year={2001}
}
@article{guo2018barrel,
 	title={Barrel Shifter Physical Unclonable Function Based Encryption},
  	author={Guo, Yunxi and Dee, Timothy and Tyagi, Akhilesh},
  	journal={Cryptography},
  	volume={2},
  	number={3},
  	pages={22},
  	year={2018}
}
@article{jaeger2010random,
  	title={Random pn-junctions for physical cryptography},
  	author={Jaeger, C and Algasinger, M and R{\"u}hrmair, U and Csaba, G and Stutzmann, M},
  	journal={Applied Physics Letters},
  	volume={96},
  	number={17},
  	pages={172103:1--3},
  	year={2010}
}
@article{guajardo2009anti,
  	title={Anti-counterfeiting, key distribution, and key storage in an ambient world via physical unclonable functions},
  	author={Guajardo, Jorge and {\v{S}}kori{\'c}, Boris and Tuyls, Pim and Kumar, Sandeep S and Bel, Thijs and Blom, Antoon HM and Schrijen, Geert-Jan},
  	journal={Information Systems Frontiers},
  	volume={11},
  	number={1},
  	pages={19--41},
  	year={2009}
}
@article{posch1998protecting,
  	title={Protecting devices by active coating},
 	author={Posch, Reinhard},
  	journal={Journal of Universal Computer Science},
  	volume={4},
  	number={7},
  	pages={652--668},
  	year={1998}
}
@article{ravi2004security,
  	title={Security in embedded systems: Design challenges},
  	author={Ravi, Srivaths and Raghunathan, Anand and Kocher, Paul and Hattangady, Sunil},
  	journal={ACM Transactions on Embedded Computing Systems (TECS)},
  	volume={3},
  	number={3},
  	pages={461--491},
  	year={2004}
}
@article{van2012physical,
  	title={Physical unclonable functions in cryptographic protocols: security proofs and impossibility results.},
  	author={{van~Dijk}, Marten and R{\"u}hrmair, Ulrich},
  	journal={IACR Cryptology ePrint Archive},
  	volume={2012},
  	pages={228:1--36},
  	year={2012}
}
@article{hudec20163d,
  	title={{3D} resistive {RAM} cell design for high-density storage class memory-—a review},
  	author={Hudec, Boris and Hsu, Chung-Wei and Wang, I-Ting and Lai, Wei-Li and Chang, Che-Chia and Wang, Taifang and Fr{\"o}hlich, Karol and Ho, Chia-Hua and Lin, Chen-Hsi and Hou, Tuo-Hung},
  	journal={Science China Information Sciences},
  	volume={59},
  	number={6},
  	pages={061403:1--21},
 	year={2016}
}
@article{linn2010complementary,
  	title={Complementary resistive switches for passive nanocrossbar memories},
  	author={Linn, Eike and Rosezin, Roland and K{\"u}geler, Carsten and Waser, Rainer},
  	journal={Nature Materials},
  	volume={9},
  	number={5},
  	pages={403--406},
 	year={2010}
}
@article{gibbons1964switching,
  	title={Switching properties of thin {NiO} films},
  	author={Gibbons, JF and Beadle, WE},
  	journal={Solid-State Electronics},
  	volume={7},
  	number={11},
  	pages={785--790},
  	year={1964}
}
@article{waser2016introduction,
  	title={Introduction to nanoionic elements for information technology},
  	author={Waser, Rainer and Ielmini, Daniele and Akinaga, Hiro and Shima, Hisashi and Wong, H-S Philip and Yang, Joshua J and Yu, Simon},
  	journal={Resistive Switching: From Fundamentals of Nanoionic Redox Processes to Memristive Device Applications},
  	pages={1--30},
  	year={2016}
}
@article{itrs2010erd,
  	title={International Technology Roadmap for Semiconductors 2010 {ERD/ERM} Technology Work Groups Report on Emerging Research Memory Technologies},
  	author={{Semiconductor~Industry Association and others}},
  	journal={http://www.itrs2.net/},
  	year={2010}
}
@article{wulf1995hitting,
  	title={Hitting the memory wall: implications of the obvious},
  	author={Wulf, Wm A and McKee, Sally A},
  	journal={ACM SIGARCH Computer Architecture News},
  	volume={23},
  	number={1},
  	pages={20--24},
  	year={1995}
}
@article{liu2018x,
  	title={X-Point {PUF}: Exploiting Sneak Paths for a Strong Physical Unclonable Function Design},
  	author={Liu, Rui and Chen, Pai-Yu and Peng, Xiaochen and Yu, Shimeng},
  	journal={IEEE Transactions on Circuits and Systems I: Regular Papers},
  	number={99},
  	pages={1--10},
  	year={2018}
}
@article{uddin2017robustness,
  	title={Robustness Analysis of a Memristive Crossbar {PUF} Against Modeling Attacks},
  	author={Uddin, M and Majumder, MB and Rose, G. S.},
  	journal={IEEE Transactions on Nanotechnology},
  	volume={16},
  	pages={396--405},
  	year={2017}
}
@article{uddin2017design,
  	title={Design Considerations for Memristive Crossbar Physical Unclonable Functions},
  	author={Uddin, Mesbah and Majumder, MD and Beckmann, Karsten and Manem, Harika and Alamgir, Zahiruddin and Cady, Nathaniel C and Rose, Garrett S},
  	journal={ACM Journal on Emerging Technologies in Computing Systems (JETC)},
  	volume={14},
  	number={1},
  	pages={2:1--23},
  	year={2017}
}
@article{beckmann2017performance,
  	title={Performance enhancement of a time-delay {PUF} design by utilizing integrated nanoscale {ReRAM} devices},
  	author={Beckmann, Karsten and Manem, Harika and Cady, Nathaniel C},
  	journal={IEEE Transactions on Emerging Topics in Computing},
  	volume={5},
  	number={3},
  	pages={304--316},
  	year={2017}
}
@article{chen2015utilizing,
  	title={Utilizing the variability of resistive random access memory to implement reconfigurable physical unclonable functions},
  	author={Chen, An},
  	journal={IEEE Electron Device Letters},
  	volume={36},
  	number={2},
  	pages={138--140},
  	year={2015}
}
@article{chen2015reconfigurable,
  	title={Reconfigurable physical unclonable function based on probabilistic switching of {RRAM}},
  	author={Chen, An},
  	journal={Electronics Letters},
  	volume={51},
  	number={8},
  	pages={615--617},
 	year={2015}
}
@article{mazady2015memristor,
  	title={Memristor {PUF}--A security primitive: Theory and experiment},
  	author={Mazady, Anas and Rahman, Md Tauhidur and Forte, Domenic and Anwar, Mehdi},
  	journal={IEEE Journal on Emerging and Selected Topics in Circuits and Systems},
  	volume={5},
  	number={2},
  	pages={222--229},
  	year={2015}
}
@article{itrs2013erd,
  	title={International Technology Roadmap for Semiconductors 2013 Edition Emerging Research Devices},
  	author={{Semiconductor Industry Association and others}},
  	journal={http://www.itrs2.net/},
  	year={2013}
}
@article{kavehei2013mrpuf,
  	title={{mrPUF}: A memristive device based physical unclonable function},
  	author={Kavehei, Omid and Hosung, Chun and Ranasinghe, Damith and Skafidas, Stan},
  	journal={arXiv preprints 1302.2191},
  	year={2013}
}
@article{vatajelu2016stt,
  	title={{STT-MRAM-based PUF} architecture exploiting magnetic tunnel junction fabrication-induced variability},
  	author={Vatajelu, Elena Ioana and Natale, Giorgio Di and Barbareschi, Mario and Torres, Lionel and Indaco, Marco and Prinetto, Paolo},
  	journal={ACM Journal on Emerging Technologies in Computing Systems (JETC)},
  	volume={13},
  	number={1},
  	pages={1--21},
  	year={2016}
}
@article{marukame2014extracting,
  	title={Extracting physically unclonable function from spin transfer switching characteristics in magnetic tunnel junctions},
  	author={Marukame, Takao and Tanamoto, Tetsufumi and Mitani, Yuichiro},
  	journal={IEEE Transactions on Magnetics},
  	volume={50},
  	number={11},
 	pages={1--4},
 	year={2014}
}
@article{liu2018lorenz,
  	title={Lorenz Chaotic System-Based Carbon Nanotube Physical Unclonable Functions},
  	author={Liu, Lin and Huang, Hui and Hu, Shiyan},
  	journal={IEEE Transactions on Computer-Aided Design of Integrated Circuits and Systems},
  	volume={37},
  	number={7},
  	pages={1408--1421},
  	year={2018}
}
@article{jeong2012emerging,
  	title={Emerging memories: Resistive switching mechanisms and current status},
  	author={Jeong, Doo Seok and Thomas, Reji and Katiyar, RS and Scott, JF and Kohlstedt, H and Petraru, A and Hwang, Cheol Seong},
  	journal={Reports on Progress in Physics},
  	volume={75},
  	number={7},
  	pages={076502:1--31},
  	year={2012}
}
@article{ruhrmair2009simpl,
  	title={{SIMPL} Systems: On a Public Key Variant of Physical Unclonable Functions.},
  	author={R{\"u}hrmair, Ulrich},
  	journal={IACR Cryptology ePrint Archive},
  	volume={2009},
  	pages={255:1--16},
  	year={2009}
}
@article{maiti2011improved,
  	title={Improved ring oscillator {PUF}: An {FPGA}-friendly secure primitive},
  	author={{Maiti}, Abhranil and Schaumont, Patrick},
  	journal={Journal of Cryptology},
  	volume={24},
  	number={2},
  	pages={375--397},
  	year={2011}
}
@article{becker2015pitfalls,
  	title={On the pitfalls of using arbiter-{PUF}s as building blocks},
  	author={Becker, Georg T},
  	journal={IEEE Transactions on Computer-Aided Design of Integrated Circuits and Systems},
  	volume={34},
  	number={8},
  	pages={1295--1307},
  	year={2015}
}
@article{herder2014physical,
  	title={Physical unclonable functions and applications: A tutorial},
  	author={Herder, Charles and Yu, Meng-Day and Koushanfar, Farinaz and Devadas, Srinivas},
  	journal={Proceedings of the IEEE},
  	volume={102},
  	number={8},
  	pages={1126--1141},
  	year={2014}
}
@article{palattella2013standardized,
	title={Standardized protocol stack for the {Internet of (important) Things}},
	author={Palattella, Maria Rita and Accettura, Nicola and Vilajosana, Xavier and Watteyne, Thomas and Grieco, Luigi Alfredo and Boggia, Gennaro and Dohler, Mischa},
	journal={IEEE Communications Surveys \& Tutorials},
	volume={15},
	number={3},
	pages={1389--1406},
	year={2013}
}
@article{lehmann2012future,
	title={Future {Internet} and the agri-food sector: state-of-the-art in literature and research},
	author={Lehmann, Richard J and Reiche, Robert and Schiefer, Gerhard},
	journal={Computers and Electronics in Agriculture},
	volume={89},
	pages={158--174},
	year={2012}
}
@article{kelly2013towards,
	title={Towards the implementation of {IoT} for environmental condition monitoring in homes},
	author={Kelly, Sean Dieter Tebje and Suryadevara, Nagender Kumar and Mukhopadhyay, Subhas Chandra},
	journal={IEEE Sensors Journal},
	volume={13},
	number={10},
	pages={3846--3853},
	year={2013}
}
@article{jara2013interconnection,
  	title={Interconnection framework for m{Health} and remote monitoring based on the {Internet of Things}},
  	author={Jara, Antonio J and Zamora-Izquierdo, Miguel A and Skarmeta, Antonio F},
  	journal={IEEE Journal on Selected Areas in Communications},
  	volume={31},
  	number={9},
  	pages={47--65},
  	year={2013}
}
@article{junker2015sicherheit,
  	title={{IT-S}icherheit f{\"u}r {Industrie 4.0 und IoT}},
  	author={Junker, Holger},
  	journal={Datenschutz und Datensicherheit--DuD},
  	volume={39},
  	number={10},
  	pages={647--651},
  	year={2015}
}
@article{beyerer2015industrie,
  	title={Industrie 4.0},
  	author={Beyerer, J{\"u}rgen and Jasperneite, J{\"u}rgen and Sauer, Olaf},
  	journal={at-Automatisierungstechnik},
  	volume={63},
  	number={10},
  	pages={751--752},
  	year={2015}
}
@article{langner2011stuxnet,
  	title={Stuxnet: Dissecting a cyberwarfare weapon},
  	author={Langner, Ralph},
  	journal={IEEE Security \& Privacy},
  	volume={9},
  	number={3},
  	pages={49--51},
  	year={2011}
}
@article{chen2011lessons,
  	title={Lessons from {Stuxnet}},
  	author={Chen, Thomas M and Abu-Nimeh, Saeed},
  	journal={Computer},
  	volume={44},
  	number={4},
  	pages={91--93},
  	year={2011}
}
@article{ahmed2017transparent,
  	title={Transparent amorphous strontium titanate resistive memories with transient photo-response},
  	author={Ahmed, Taimur and Walia, Sumeet and Kim, Jeeson and Nili, Hussein and Ramanathan, Rajesh and Mayes, Edwin LH and Lau, Desmond WM and Kavehei, Omid and Bansal, Vipul and Bhaskaran, Madhu and others},
  	journal={Nanoscale},
  	volume={9},
  	number={38},
  	pages={14690--14702},
  	year={2017}
}
@article{ma2018investigation, 
	author={Jigang Ma and Zheng Chai and Wei Dong Zhang and Jian Fu Zhang and Zhigang Ji and Brahim Benbakhti and Bogdan Govoreanu and Eddy Simoen and Ludovic Goux and Attilio Belmonte and Robin Degraeve and Gouri Sankar Kar and Malgorzata Jurczak}, 
	journal={IEEE Transactions on Electron Devices}, 
	title={Investigation of preexisting and generated defects in nonfilamentary {a-Si/TiO}$_2$ {RRAM} and their impacts on {RTN} amplitude distribution}, 
	number={99}, 
	pages={1--8},
	year={2018}
}
@article{kim2018physical,
  	author={Kim, Jeeson and Ahmed, Taimur and Nili, Hussein and Yang, Jiawei and Jeong, Doo Seok and Beckett, Paul and Sriram, Sharath and Ranasinghe, Damith C and Kavehei, Omid},
  	title={A physical unclonable function with redox-based nanoionic resistive memory},
	journal={IEEE Transactions on Information Forensics and Security},
  	volume={13},
 	number={2},
  	pages={437--448},
  	year={2018}
}
@article{blum1986independent,
    title={Independent unbiased coin flips from a correlated biased source: A finite state {Markov chain}},
  	author={Blum, Manuel},
  	journal={Combinatorica},
  	volume={6},
 	number={2},
  	pages={97--108},
  	year={1986}
}
@article{nili2018hardware,
  	title={Hardware-intrinsic security primitives enabled by analogue state and nonlinear conductance variations in integrated memristors},
    author={Nili, Hussein and Adam, Gina C. and Hoskins, Brian and Prezioso, Mirko and Kim, Jeeson and Mahmoodi, M. Reza and Bayat, Farnood Merrikh and Kavehei, Omid and Strukov, Dmitri B.},
	journal={Nature Electronics},
   	volume={1},
  	pages={197--202},
  	year={2018}
}
@article{alfke1998efficient,
    title={Efficient shift registers, LFSR counters, and long pseudo-random sequence generators},
    author={Alfke, Peter},
    journal={http://www.xilinx. com/bvdocs/appnotes/xapp052.pdf},
    year={1998}
}
@article{bazes1991two,
    title={Two novel fully complementary self-biased {CMOS} differential amplifiers},
    author={{Bazes}, Mel},
    journal={IEEE Journal of Solid-State Circuits},
    volume={26},
    number={2},
    pages={165--168},
    year={1991}
}
@article{menezes1997handbook,
    title={Handbook of applied cryptography},
    author={Menezes, Alfred J and Van Oorschot, Paul C and Vanstone, Scott A},
    journal={Discrete Mathematics and its Applications. Boca Raton, Fl: CRC Press},
    volume={6},
    page={172--173},
    year={1997}
}
@article{holman1997integrated,
    title={An integrated analog/digital random noise source},
    author={Holman, W Timothy and Connelly, J Alvin and Dowlatabadi, Ahmad B},
    journal={IEEE Transactions on Circuits and Systems I: Fundamental Theory and Applications},
    volume={44},
    number={6},
    pages={521--528},
    year={1997}
}
@article{lash2002study,
	title={A study of power analysis and the advanced encryption standard},
	author={Lash, Tom and others},
	journal={MS Scholarly Paper, George Mason University},
	pages={18:1--37},
	year={2002}
}
@article{cao2015low,
	title={A low-power hybrid {RO PUF} with improved thermal stability for lightweight applications},
	author={Cao, Yuan and Zhang, Le and Chang, Chip-Hong and Chen, Shoushun},
	journal={IEEE Transactions on Computer-Aided Design of Integrated Circuits and Systems},
	volume={34},
	number={7},
	pages={1143--1147},
	year={2015}
}
@article{lin2012design,
	title={Design and validation of arbiter-based {PUF}s for sub-45-nm low-power security applications},
	author={Lin, Lang and Srivathsa, Sudheendra and Krishnappa, Dilip Kumar and Shabadi, Prasad and Burleson, Wayne},
	journal={IEEE Transactions on Information Forensics and Security},
	volume={7},
	number={4},
	pages={1394--1403},
	year={2012}
}
@article{joshua2012engineering,
	title={Engineering nonlinearity into memristors for passive crossbar applications},
	author={Joshua Yang, J and Zhang, M-X and Pickett, Matthew D and Miao, Feng and Paul Strachan, John and Li, Wen-Di and Yi, Wei and Ohlberg, Douglas AA and Joon Choi, Byung and Wu, Wei and others},
	journal={Applied Physics Letters},
	volume={100},
	number={11},
	pages={113501:1--4},
	year={2012}
}
@article{strukov2009exponential,
	title={Exponential ionic drift: Fast switching and low volatility of thin-film memristors},
	author={Strukov, Dmitri B and Williams, R Stanley},
	journal={Applied Physics A: Materials Science \& Processing},
	volume={94},
	number={3},
	pages={515--519},
	year={2009}
}
@article{daly2017trends, 
	title={Through the Looking Glass -- The 2017 Edition: Trends in Solid-State Circuits from {ISSCC}},
    author={D. C. Daly and L. C. Fujino and K. C. Smith}, 
    journal={IEEE Solid-State Circuits Magazine}, 
    volume={9}, 
    number={1}, 
	pages={12--22}, 
	year={2017},
	month={Winter}
}
@article{yu2016resistive,
	title={Resistive Random Access Memory ({RRAM})},
    author={Yu, Shimeng},
    journal={Synthesis Lectures on Emerging Engineering Technologies},
    volume={2},
    number={5},
    pages={1--79},
    year={2016}
}
@article{strukov2008missing,
	title={The missing memristor found},
    author={Strukov, Dmitri B and Snider, Gregory S and Stewart, Duncan R and Williams, R Stanley},
    journal={Nature},
    volume={453},
    number={7191},
    pages={80--83},
    year={2008}
}
@article{kinget2005device,
	title={Device mismatch and tradeoffs in the design of analog circuits},
    author={Kinget, Peter R},
    journal={IEEE Journal of Solid-State Circuits},
    volume={40},
    number={6},
    pages={1212--1224},
    year={2005}
}
@article{pelgrom1989matching,
	title={Matching properties of {MOS} transistors},
    author={Pelgrom, Marcel JM and Duinmaijer, Aad CJ and Welbers, Anton PG and others},
    journal={IEEE Journal of Solid-State Circuits},
    volume={24},
    number={5},
    pages={1433--1439},
    year={1989}
}
@article{razavi2015strongarm,
	title={The {StrongARM} Latch: {A} Circuit for All Seasons},
    author={Razavi, Behzad},
    journal={IEEE Solid-State Circuits Magazine},
    volume={7},
    number={2},
    pages={12--17},
    year={2015}
}
@article{strukov2016endurance,
	title={Endurance-write speed tradeoffs in nonvolatile memories},
    author={Strukov, Dmitri B},
    journal={Applied Physics A},
    volume={122},
    number={4},
    pages={1--4},
    year={2016}
}
@article{valov2013nanobatteries,
	title={Nanobatteries in redox-based resistive switches require extension of memristor theory},
    author={Valov, Ilia and Linn, Eike and Tappertzhofen, Stefan and Schmelzer, Sebastian and Van den Hurk, J and Lentz, Florian and Waser, Rainer},
    journal={Nature Communications},
    volume={4},
    pages={1771:1--9},
    year={2013}
}
@article{coteus2011technologies,
	title={Technologies for exascale systems},
    author={Coteus, Paul W and Knickerbocker, John U and Lam, Chung H and Vlasov, Yurii A},
    journal={IBM Journal of Research and Development},
    volume={55},
    number={5},
    pages={14:1--12},
    year={2011}
}
@article{wong2015memory,
	title={Memory leads the way to better computing},
    author={Wong, H-S Philip and Salahuddin, Sayeef},
    journal={Nature Nanotechnology},
    volume={10},
    number={3},
    pages={191--194},
    year={2015}
}
@article{mohanty2017rtn,
  	title={{RTN} in Scaled Transistors for On-Chip Random Seed Generation},
  	author={Mohanty, Abinash and Sutaria, Ketul B and Awano, Hiromitsu and Sato, Takashi and Cao, Yu},
  	journal={IEEE Transactions on Very Large Scale Integration (VLSI) Systems},
  	year={2017},
  	pages={1--10}
}
@article{saeedi20158,
  	title={An 8 {GHz} first-order frequency synthesizer for Low-Power on-chip clock generation},
  	author={Saeedi, Saman and Emami-Neyestanak, Azita},
  	journal={IEEE Journal of Solid-State Circuits},
  	volume={50},
  	number={8},
  	pages={1848--1860},
 	year={2015}
}
@article{ghosh2016spintronics,
  	title={Spintronics and Security: Prospects, Vulnerabilities, Attack Models, and Preventions},
  	author={Ghosh, Swaroop},
  	journal={Proceedings of the IEEE},
  	volume={104},
  	number={10},
  	pages={1864--1893},
  	year={2016}
}
@article{chen2016current,
  	title={Current injection attack against the {KLJN} secure key exchange},
  	author={Chen, Hsien-Pu and Mohammad, Muneer and Kish, Laszlo B},
  	journal={Metrology and Measurement Systems},
  	volume={23},
  	number={2},
  	pages={173--181},
  	year={2016}
}
@article{tang2014cmos,
  	title={{CMOS} on-chip stable true-random {ID} generation using antenna effect},
  	author={Tang, Fang and Chen, Denis G and Wang, Bo and Bermak, Amine and Amira, Abbes and Mohamad, Saqib},
 	journal={IEEE Electron Device Letters},
  	volume={35},
  	number={1},
  	pages={54--56},
  	year={2014}
}
@article{geng2016high,
  	title={High-fidelity spherical cholesteric liquid crystal Bragg reflectors generating unclonable patterns for secure authentication},
  	author={Geng, Yong and Noh, JungHyun and Drevensek-Olenik, Irena and Rupp, Romano and Lenzini, Gabriele and Lagerwall, Jan PF},
  	journal={Scientific Reports},
  	volume={6},
  	year={2016}
}
@article{tao2016ultra,
  	title={Ultra-energy-efficient temperature-stable physical unclonable function in 65 nm {CMOS}},
  	author={Tao, Sha and Dubrova, Elena},
  	journal={Electronics Letters},
  	volume={52},
  	number={10},
  	pages={805--806},
  	year={2016}
}
@article{roberts2015using,
  	title={Using quantum confinement to uniquely identify devices},
  	author={Roberts, Jonny and Bagci, Ibrahim Ethem and Zawawi, MAM and Sexton, J and Hulbert, N and Noori, YJ and Young, MP and Woodhead, CS and Missous, Mohammed and Migliorato, MA and others},
    journal={Scientific Reports},
  	volume={5},
  	year={2015}
}
@article{li2016dynamic,
  	title={A dynamic {PUF} anti-aging authentication system based on restrict race code},
  	author={Li, Bing and Chen, Shuai},
  	journal={Science China Information Sciences},
  	volume={59},
  	number={1},
  	pages={1--12},
  	year={2016}
}
@article{feiten2016systemic,
  	title={Systemic Frequency Biases in Ring Oscillator {PUFs on FPGAs}},
  	author={Feiten, Linus and Oesterle, Jonathan and Martin, Tobias and Sauer, Matthias and Becker, Bernd},
  	journal={IEEE Transactions on Multi-Scale Computing Systems},
  	volume={2},
  	number={3},
  	pages={174--185},
  	year={2016}
}
@article{tajik2016photonic,
  	title={Photonic side-channel analysis of arbiter {PUF}s},
  	author={Tajik, Shahin and Dietz, Enrico and Frohmann, Sven and Dittrich, Helmar and Nedospasov, Dmitry and Helfmeier, Clemens and Seifert, Jean-Pierre and Boit, Christian and H{\"u}bers, Heinz-Wilhelm},
  	journal={Journal of Cryptology},
  	pages={1--22},
  	year={2016}
}
@article{ruhrmair2016security,
  	title={On the Security of {PUF} Protocols under Bad {PUFs} and {PUFs}-inside-{PUFs} Attacks},
  	author={R{\"u}hrmair, Ulrich},
  	journal={IACR Cryptology ePrint Archive},
  	volume={2016},
  	pages={322},
 	year={2016}
}
@article{yao2016quantum,
  	title={Quantum cloning attacks against {PUF}-based quantum authentication systems},
  	author={Yao, Yao and Gao, Ming and Li, Mo and Zhang, Jian},
	journal={Quantum Information Processing},
  	volume={15},
 	number={8},
  	pages={3311--3325},
  	year={2016}
}
@article{yu2016lockdown,
  	title={A Lockdown Technique to Prevent Machine Learning on {PUFs} for Lightweight Authentication},
  	author={Yu, Meng-Day Mandel and Hiller, Matthias and Delvaux, Jeroen and Sowell, Richard and Devadas, Srinivas and Verbauwhede, Ingrid},
  	journal={IEEE Transactions on Multi-Scale Computing Systems},
  	volume={2},
  	number={3},
  	pages={146--159},
  	year={2016}
}
@article{satpathy20174,
  	title={A {4-fJ/b} Delay-Hardened Physically Unclonable Function Circuit With Selective Bit Destabilization in 14-nm Trigate {CMOS}},
  	author={Satpathy, Sudhir and Mathew, Sanu K and Suresh, Vikram and Anders, Mark A and Kaul, Himanshu and Agarwal, Amit and Hsu, Steven K and Chen, Gregory and Krishnamurthy, Ram K and De, Vivek K},
  	journal={IEEE Journal of Solid-State Circuits},
  	year={2017},
  	pages={1--10}
}
@article{chatterjee2016theory,
  	title={Theory and Application of Delay Constraints in Arbiter {PUF}},
  	author={Chatterjee, Urbi and Chakraborty, Rajat Subhra and Kapoor, Hitesh and Mukhopadhyay, Debdeep},
  	journal={ACM Transactions on Embedded Computing Systems (TECS)},
  	volume={15},
  	number={1},
  	pages={1--20},
  	year={2016}
}
@article{bai2016puf,
  	title={{PUF}-based encryption method for {IC} cards on-chip memories},
  	author={Bai, Yonghong and Wu, Liji and Wu, Xingjun and Li, Xiangyu and Zhang, Xiangmin and Wang, Beibei},
	journal={Electronics Letters},
  	volume={52},
  	number={20},
  	pages={1671--1673},
  	year={2016}
}
@article{feiten2016metrics,
  	title={On Metrics to Quantify the Inter-Device Uniqueness of {PUFs}},
  	author={Feiten, Linus and Sauer, Matthias and Becker, Bernd},
  	journal={IACR Cryptology ePrint Archive},
  	pages={320:1--11},
  	year={2016}
}
@article{li2016ultra,
  	title={Ultra-Compact and Robust Physically Unclonable Function Based on Voltage-Compensated Proportional-to-Absolute-Temperature Voltage Generators},
  	author={Li, Jiangyi and Seok, Mingoo},
 	journal={IEEE Journal of Solid-State Circuits},
  	volume={51},
  	number={9},
  	pages={2192--2202},
  	year={2016}
}
@article{tuncer2016implementation,
 	title={The implementation of chaos-based {PUF} designs in field programmable gate array},
  	author={Tuncer, Taner},
  	journal={Nonlinear Dynamics},
  	volume={86},
  	number={2},
  	pages={975--986},
  	year={2016}
}
@article{cao2015cmos,
  	title={{CMOS} image sensor based physical unclonable function for coherent sensor-level authentication},
  	author={Cao, Yuan and Zhang, Le and Zalivaka, Siarhei S and Chang, Chip-Hong and Chen, Shoushun},
  	journal={IEEE Transactions on Circuits and Systems I: Regular Papers},
  	volume={62},
  	number={11},
  	pages={2629--2640},
  	year={2015}
}
@article{alvarez2016static,
  	title={Static Physically Unclonable Functions for Secure Chip Identification With 1.9--5.8\% Native Bit Instability at 0.6--1 {V and 15 {fJ/bit} in 65 nm}},
  	author={Alvarez, Anastacia B and Zhao, Wenfeng and Alioto, Massimo},
  	journal={IEEE Journal of Solid-State Circuits},
  	volume={51},
  	number={3},
 	pages={763--775},
  	year={2016}
}
@article{jin2015playpuf,
  	title={{PLayPUF}: Programmable Logically Erasable {PUF}s for Forward and Backward Secure Key Management},
  	author={Jin, Chenglu and Xu, Xiaolin and Burleson, Wayne P and R{\"u}hrmair, Ulrich and van Dijk, Marten},
  	journal={IACR Cryptology ePrint Archive},
  	volume={2015},
  	pages={1052:1--30},
  	year={2015}
}
@article{yu2010recombination,
	title={Recombination of physical unclonable functions},
	author={Yu, Meng-Day Mandel and Devadas, Srinivas},
	journal={Proceeding 35$^{\rm th}$ Annual Government Microcircuit Applied Critical Technology Conference (GOMACTech)},
	pages={1--5},
	year={2010}
}
@article{ruhrmair2009foundations,
  	title={On the Foundations of Physical Unclonable Functions},
  	author={R{\"u}hrmair, Ulrich and S{\"o}lter, Jan and Sehnke, Frank},
  	journal={IACR Cryptology ePrint Archive},
	volume={2009},
  	pages={277:1--20},
  	year={2009}
}
@article{handschuh2012hardware,
  	title={Hardware-Anchored Security Based on {SRAM PUFs}, Part {I}},
  	author={Handschuh, Helena},
  	journal={IEEE Security \& Privacy},
  	volume={10},
 	number={3},
  	pages={80--83},
  	year={2012}
}
@article{xu2015reliable,
  	title={Reliable physical unclonable functions using data retention voltage of {SRAM} cells},
  	author={Xu, Xiaolin and Rahmati, Amir and Holcomb, Daniel E and Fu, Kevin and Burleson, Wayne},
  	journal={IEEE Transactions on Computer-Aided Design of Integrated Circuits and Systems},
  	volume={34},
  	number={6},
  	pages={903--914},
  	year={2015}
}
@article{chellappa2016sram,
  	title={{SRAM}-Based Unique Chip Identifier Techniques},
  	author={Chellappa, Srivatsan and Clark, Lawrence T},
  	journal={IEEE Transactions on Very Large Scale Integration (VLSI) Systems},
  	volume={24},
  	number={4},
  	pages={1213--1222},
  	year={2016}
}
@article{kothmayr2013dtls,
  	title={{DTLS} based security and two-way authentication for the {Internet of Things}},
  	author={Kothmayr, Thomas and Schmitt, Corinna and Hu, Wen and Br{\"u}nig, Michael and Carle, Georg},
  	journal={Ad Hoc Networks},
  	volume={11},
  	number={8},
  	pages={2710--2723},
  	year={2013}
}
@article{dai2016memory,
  	title={Memory leakage-resilient searchable symmetric encryption},
 	author={Dai, Shuguang and Li, Huige and Zhang, Fangguo},
  	journal={Future Generation Computer Systems},
  	volume={62},
  	pages={76--84},
  	year={2016}
}
@article{ray2015guest,
  	title={Guest Editors’ Introduction: Wearables, Implants, and {Internet of Things}},
  	author={Ray, Sandip and Park, Jongsun and Bhunia, Swarup},
  	journal={IEEE Transactions on Multi-Scale Computing Systems},
  	volume={1},
  	number={2},
  	pages={60--61},
  	year={2015}
}
@article{tkachenko2016two,
  	title={Two-Level {QR} Code for Private Message Sharing and Document Authentication},
  	author={Tkachenko, Iuliia and Puech, William and Destruel, Christophe and Strauss, Olivier and Gaudin, Jean-Marc and Guichard, Christian},
  	journal={IEEE Transactions on Information Forensics and Security},
  	volume={11},
  	number={3},
  	pages={571--583},
  	year={2016}
}
@article{johnson2015puf,
  	title={A {PUF}-enabled secure architecture for {FPGA}-based {IoT} applications},
  	author={Johnson, Anju P and Chakraborty, Rajat Subhra and Mukhopadhyay, Debdeep},
  	journal={IEEE Transactions on Multi-Scale Computing Systems},
  	volume={1},
  	number={2},
  	pages={110--122},
  	year={2015}
}
@article{lin2015security,
  	title={Security-aware design methodology and optimization for automotive systems},
  	author={Lin, Chung-Wei and Zheng, Bowen and Zhu, Qi and Sangiovanni-Vincentelli, Alberto},
  	journal={ACM Transactions on Design Automation of Electronic Systems (TODAES)},
  	volume={21},
  	number={1},
  	pages={18:1--26},
  	year={2015}
}
@article{thilakanathan2016safeprotect,
  	title={{SafeProtect}: Controlled Data Sharing With User-Defined Policies in Cloud-Based Collaborative Environment},
  	author={Thilakanathan, Danan and Chen, Shiping and Nepal, Surya and Calvo, Rafael A},
  	journal={IEEE Transactions on Emerging Topics in Computing},
  	volume={4},
  	number={2},
  	pages={301--315},
  	year={2016}
}
@article{barbareschi2016ring,
  	title={Ring oscillators analysis for security purposes in {Spartan-6 FPGAs}},
  	author={Barbareschi, Mario and Di Natale, Giorgio and Torres, Lionel},
  	journal={Microprocessors and Microsystems},
  	volume={47},
  	pages={3--10},
  	year={2016}
}
@article{huth2016information,
  	title={Information reconciliation schemes in physical-layer security: A survey},
  	author={Huth, Christopher and Guillaume, Ren{\'e} and Strohm, Thomas and Duplys, Paul and Samuel, Irin Ann and G{\"u}neysu, Tim},
  	journal={Computer Networks},
  	volume={109},
  	pages={84--104},
  	year={2016}
}
@article{chen2016s2m,
  	title={{S2M}: A Lightweight Acoustic Fingerprints based Wireless Device Authentication Protocol},
  	author={Chen, Dajiang and Zhang, Ning and Qin, Zhen and Mao, Xufei and Qin, Zhiguang and Shen, Xuemin and others},
  	journal={IEEE Internet of Things Journal},
  	year={2016},
  	number={99}, 
	pages={1:1--12}, 
}
@article{pang2017optimization,
  	title={Optimization of {RRAM}-Based Physical Unclonable Function with a Novel Differential Read-Out Method},
  	author={Pang, Yachuan and Wu, Huaqiang and Gao, Bin and Deng, Ning and Wu, Dong and Liu, Rui and Yu, Shimeng and Chen, An and Qian, He},
  	journal={IEEE Electron Device Letters},
  	year={2017},
 	volume={38},
 	number={2},
  	pages={168--171}
}
@article{gao2016physical,
 	title={Physical Unclonable Function Exploiting Sneak Paths in Resistive Cross-point Array},
  	author={Gao, Ligang and Chen, Pai-Yu and Liu, Rui and Yu, Shimeng},
  	journal={IEEE Transactions on Electron Devices},
  	volume={63},
  	number={8},
  	pages={3109--3115},
 	year={2016}
}
@article{liu2015experimental,
 	 title={Experimental characterization of physical unclonable function based on 1 kb resistive random access memory arrays},
  	author={Liu, Rui and Wu, Huaqiang and Pang, Yachuan and Qian, He and Yu, Shimeng},
  	journal={IEEE Electron Device Letters},
  	volume={36},
  	number={12},
  	pages={1380--1383},
  	year={2015}
}
@article{mathew2015novel,
  	title={A novel memristor based physically unclonable function},
  	author={Mathew, Jimson and Chakraborty, Rajat Subhra and Sahoo, Durga Prasad and Yang, Yuanfan and Pradhan, Dhiraj K},
  	journal={Integration, the VLSI Journal},
  	volume={51},
  	pages={37--45},
  	year={2015}
}
@article{katzenbeisser2011recyclable,
  	title={Recyclable {PUF}s: Logically reconfigurable {PUF}s},
  	author={Katzenbeisser, Stefan and Kocaba{\c{s}}, {\"U}nal and {van~Der~Leest}, Vincent and Sadeghi, Ahmad-Reza and Schrijen, Geert-Jan and Wachsmann, Christian},
  	journal={Journal of Cryptographic Engineering},
  	volume={1},
  	number={3},
  	pages={177--186},
  	year={2011}
}
@article{delvaux2015helper,
  	title={Helper data algorithms for {PUF}-based key generation: Overview and analysis},
  	author={Delvaux, Jeroen and Gu, Dawu and Schellekens, Dries and Verbauwhede, Ingrid},
  	journal={IEEE Transactions on Computer-Aided Design of Integrated Circuits and Systems},
  	volume={34},
  	number={6},
  	pages={889--902},
  	year={2015}
}
@article{papernot2016towards,
  	title={Towards the Science of Security and Privacy in Machine Learning},
  	author={Papernot, Nicolas and McDaniel, Patrick and Sinha, Arunesh and Wellman, Michael},
  	journal={arXiv preprints 1611.03814},
  	year={2016}
}
@article{muelich2016new,
  	title={A New Error Correction Scheme for Physical Unclonable Functions},
  	author={M{\"u}elich, Sven and Bossert, Martin},
  	journal={arXiv preprints 1611.01960},
  	year={2016}
}
@article{wang2017design,
  	title={Design and Analysis of Stability-Guaranteed {PUF}s},
  	author={Wang, Wei-Che and Yona, Yair and Diggavi, Suhas and Gupta, Puneet},
  	journal={arXiv preprints 1701.05637},
  	year={2017}
}
@article{graves2013generating,
	title={Generating sequences with recurrent neural networks},
	author={Graves, Alex},
	journal = {arXiv preprints 1308.0850},
  	year={2013}
}
@article{hochreiter1997long,
  	title={Long short-term memory},
 	author={Hochreiter, Sepp and Schmidhuber, J{\"u}rgen},
 	journal={Neural Computation},
  	volume={9},
 	number={8},
  	pages={1735--1780},
  	year={1997},
}
@article{kim2017nano,
   	author={Kim, Jeeson and Ahmed, Taimur and Nili, Hussein and Duy Truong, Nhan. and Yang, J. and Jeong, Doo Seok and Sriram, Sharath and Ranasinghe, Damith C and Kavehei, Omid},
    title={Nano-Intrinsic True Random Number Generation},
  	journal={arXiv preprints 1701.06020},
    year={2017}
}
@article{na2016offset, 
	author={T. Na and B. Song and J. P. Kim and S. H. Kang and S. O. Jung}, 	
	title={Offset-Canceling Current-Sampling Sense Amplifier for Resistive Nonvolatile Memory in 65 nm {CMOS}}, 
	journal={IEEE Journal of Solid-State Circuits},
    year={2017}, 
	volume={52}, 
	number={2}, 
	pages={496--504}
}
@article{simoen2011invited,
	title={Random Telegraph Noise: From a Device Physicist\rq{}s Dream to a Designer\rq{}s Nightmare},
  	author={Simoen, Eddy and Kaczer, Ben and Toledano-Luque, Maria and Claeys, Cor},
  	journal={ECS Transactions},
  	volume={39},
  	number={1},
  	pages={3--15},
  	year={2011}
}
@article{holcomb2009power,
    title={Power-up {SRAM} state as an identifying fingerprint and source of true random numbers},
  	author={Holcomb, Daniel E and Burleson, Wayne P and Fu, Kevin},
  	journal={IEEE Transactions on Computers},
  	volume={58},
  	number={9},
  	pages={1198--1210},
  	year={2009}
}
@article{holleman20083,
  	title={A 3 {$\mu$W CMOS} true random number generator with adaptive floating-gate offset cancellation},
  	author={Holleman, Jeremy and Bridges, Seth and Otis, Brian P and Diorio, Chris},
  	journal={IEEE Journal of Solid-State Circuits},
  	volume={43},
  	number={5},
  	pages={1324--1336},
  	year={2008}
}
@article{chen2016unified, 
	author={X. Chen and B. Li and Y. Wang and Y. Liu and H. Yang}, 
	journal={IEEE Transactions on Circuits and Systems II: Express Briefs}, 
	title={A Unified Methodology for Designing Hardware Random Number Generators Based on Any Probability Distribution}, 
	year={2016}, 
	volume={63}, 
	number={8}, 
	pages={783--787}
}
@article{tokunaga2008true,
 	title={True random number generator with a metastability-based quality control},
  	author={Tokunaga, Carlos and Blaauw, David and Mudge, Trevor},
  	journal={IEEE Journal of Solid-State Circuits},
  	volume={43},
  	number={1},
  	pages={78--85},
  	year={2008}
}
@article{mathew20122,
  	title={2.4 {Gbps, 7 mW} all-digital {PVT}-variation tolerant true random number generator for 45 nm {CMOS} high-performance microprocessors},
  	author={Mathew, Sanu K and Srinivasan, Suresh and Anders, Mark A and Kaul, Himanshu and Hsu, Steven K and Sheikh, Farhana and Agarwal, Amit and Satpathy, Sudhir and Krishnamurthy, Ram K},
  	journal={IEEE Journal of Solid-State Circuits},
  	volume={47},
  	number={11},
  	pages={2807--2821},
  	year={2012}
}
@article{hong20160,
  	title={A 0.012 mm$^2$ and 2.5 {mW} bang--bang digital {PLL} using pseudo-random number generator},
  	author={Hong, Jong-Phil},
  	journal={Analog Integrated Circuits and Signal Processing},
  	volume={86},
  	number={1},
  	pages={39--50},
  	year={2016}
}
@article{bossuet2014puf,
  	title={A {PUF} based on a transient effect ring oscillator and insensitive to locking phenomenon},
  	author={Bossuet, Lilian and Ngo, Xuan Thuy and Cherif, Zouha and Fischer, Viktor},
  	journal={IEEE Transactions on Emerging Topics in Computing},
  	volume={2},
  	number={1},
  	pages={30--36},
  	year={2014}
}
@article{robson2014truly,
  	title={Truly random number generator based on a ring oscillator utilizing last passage time},
  	author={Robson, Stewart and Leung, Bosco and Gong, Guang},
  	journal={IEEE Transactions on Circuits and Systems II: Express Briefs},
  	volume={61},
  	number={12},
  	pages={937--941},
  	year={2014}
}
@article{cicek2014new,
  	title={A new dual entropy core true random number generator},
  	author={Cicek, Ihsan and Pusane, Ali Emre and Dundar, Gunhan},
  	journal={Analog Integrated Circuits and Signal Processing},
  	volume={81},
  	number={1},
  	pages={61--70},
  	year={2014}
}
@article{stepanovic20132,
  	title={A 2.8 {GS}/s 44.6 {mW} time-interleaved {ADC} achieving 50.9 {dB SNDR and 3 dB} effective resolution bandwidth of 1.5 {GHz in 65 nm CMOS}},
  	author={Stepanovic, Du{\v{s}}an and Nikolic, Borivoje},
  	journal={IEEE Journal of Solid-State Circuits},
  	volume={48},
  	number={4},
  	pages={971--982},
  	year={2013}
}
@article{bae20163,
  	title={3-{Gb}/s High-Speed True Random Number Generator Using Common-Mode Operating Comparator and Sampling Uncertainty of {D} Flip-Flop},
  	author={Bae, Sang-Geun and Kim, Yongtae and Park, Yunsoo and Kim, Chulwoo},
  	journal={IEEE Journal of Solid-State Circuits},
  	year={2017}, 
	volume={52}, 
	number={2}, 
	pages={605--610}
}
@article{yang2016all,
  	title={An All-Digital Edge Racing True Random Number Generator Robust Against {PVT} Variations},
  	author={Yang, Kaiyuan and Blaauw, David and Sylvester, Dennis},
  	journal={IEEE Journal of Solid-State Circuits},
  	volume={51},
  	number={4},
  	pages={1022--1031},
  	year={2016}
}
@article{mori2012mechanism,
  	title={Mechanism of random telegraph noise in junction leakage current of metal-oxide-semiconductor field-effect transistor},
  	author={Mori, Yuki and Yoshimoto, Hiroyuki and Takeda, Kenichi and Yamada, Ren-ichi},
  	journal={Journal of Applied Physics},
  	volume={111},
  	number={10},
  	pages={104513:1--9},
  	year={2012}
}
@article{chang2014temperature,
	title={Temperature dependent characteristics of the random telegraph noise on contact resistive random access memory},
  	author={Chang, Liang-Shun and Lin, Chrong Jung and King, Ya-Chin},
  	journal={Japanese Journal of Applied Physics},
  	volume={53},
  	number={4S},
  	pages={04EC01},
  	year={2014}
}
@article{maestro2016new,
  	title={New high resolution Random Telegraph Noise ({RTN}) characterization method for resistive {RAM}},
  	author={Maestro, M and Diaz, J and Crespo-Yepes, A and Gonzalez, MB and Martin-Martinez, J and Rodriguez, R and Nafria, M and Campabadal, F and Aymerich, X},
  	journal={Solid-State Electronics},
  	volume={115},
  	pages={140--145},
  	year={2016}
}
@article{wang2016relaxation,
  	title={Relaxation Effect in {RRAM} Arrays: Demonstration and Characteristics},
  	author={Wang, Chen and Wu, Huaqiang and Gao, Bin and Dai, Lingjun and Deng, Ning and Sekar, DC and Lu, Z and Kellam, M and Bronner, G and Qian, He},
  	journal={IEEE Electron Device Letters},
  	volume={37},
  	number={2},
  	pages={182--185},
  	year={2016}
}
@article{degraeve2015causes,
  	title={Causes and consequences of the stochastic aspect of filamentary {RRAM}},
  	author={Degraeve, R and Fantini, A and Raghavan, N and Goux, L and Clima, S and Govoreanu, B and Belmonte, A and Linten, D and Jurczak, M},
  	journal={Microelectronic Engineering},
  	volume={147},
  	pages={171--175},
  	year={2015}
}
@article{wen2015silicon,
  	title={Silicon-film-related random telegraph noise in {UTBOX} silicon-on-insulator {nMOSFETs}},
  	author={Wen, Fang and Simoen, Eddy and Chikang, Li and Aoulaiche, Marc and Jun, Luo and Chao, Zhao and Claeys, Cor},
  	journal={Journal of Semiconductors},
  	volume={36},
  	number={9},
  	pages={094005:1--5},
  	year={2015}
}
@article{ielmini2010resistance,
  	title={Resistance-dependent amplitude of random telegraph-signal noise in resistive switching memories},
  	author={Ielmini, Daniele and Nardi, Federico and Cagli, Carlo},
  	journal={Applied Physics Letters},
  	volume={96},
  	number={5},
  	pages={053503:1--3},
  	year={2010}
}
@article{choi2014random,
  	title={Random telegraph noise and resistance switching analysis of oxide based resistive memory},
  	author={Choi, Shinhyun and Yang, Yuchao and Lu, Wei},
  	journal={Nanoscale},
  	volume={6},
  	number={1},
  	pages={400--404},
  	year={2014}
}
@article{grasser2012stochastic,
  	title={Stochastic charge trapping in oxides: From random telegraph noise to bias temperature instabilities},
  	author={Grasser, Tibor},
  	journal={Microelectronics Reliability},
  	volume={52},
  	number={1},
  	pages={39--70},
  	year={2012}
}
@article{wu2011electric,
  	title={Electric-field-driven phase transition in vanadium dioxide},
  	author={Wu, B and Zimmers, A and Aubin, H and Ghosh, R and Liu, Y and Lopez, Rene},
  	journal={Physical Review B},
  	volume={84},
  	number={24},
  	pages={241410},
  	year={2011}
}
@article{liu2008correlated,
  	title={Correlated random telegraph signal and low-frequency noise in carbon nanotube transistors},
  	author={Liu, Fei and Wang, Kang L},
  	journal={Nano Letters},
  	volume={8},
  	number={1},
  	pages={147--151},
  	year={2008}
}
@article{hung1990random,
  	title={Random telegraph noise of deep-submicrometer {MOSFETs}},
  	author={Hung, Kwok K and Ko, Ping K and Hu, Chenming and Cheng, Yiu Chung},
  	journal={IEEE Electron Device Letters},
  	volume={11},
  	number={2},
  	pages={90--92},
  	year={1990}
}
@article{dutta1981low,
  	title={Low-frequency fluctuations in solids: $1/f$ noise},
  	author={Dutta, Pulak and Horn, PM},
  	journal={Reviews of Modern Physics},
 	volume={53},
  	number={3},
  	pages={497--516},
  	year={1981}
}
@article{herrero2016quantum,
  	title={Quantum Random Number Generators},
  	author={Herrero-Collantes, Miguel and Garcia-Escartin, Juan Carlos},
  	journal={arXiv preprints 1604.03304},
  	year={2016}
}
@article{song20151,
  	title={$1/f$ Noise Scaling Analysis in Unipolar-Type Organic Nanocomposite Resistive Memory},
  	author={Song, Younggul and Jeong, Hyunhak and Jang, Jingon and Kim, Tae-Young and Yoo, Daekyoung and Kim, Youngrok and Jeong, Heejun and Lee, Takhee},
  	journal={ACS Nano},
  	volume={9},
  	number={7},
  	pages={7697--7703},
  	year={2015}
}
@article{kirton1989noise,
  	title={Noise in solid-state microstructures: A new perspective on individual defects, interface states and low-frequency ($1/f$) noise},
  	author={Kirton, MJ and Uren, MJ},
  	journal={Advances in Physics},
  	volume={38},
  	number={4},
  	pages={367--468},
  	year={1989}
}
@article{ielmini2011modeling,
  	title={Modeling the universal set/reset characteristics of bipolar {RRAM} by field-and temperature-driven filament growth},
  	author={Ielmini, Daniele},
  	journal={IEEE Transactions on Electron Devices},
  	volume={58},
  	number={12},
 	pages={4309--4317},
  	year={2011}
}
@article{fang2013current,
  	title={Current conduction model for oxide-based resistive random access memory verified by low-frequency noise analysis},
  	author={Fang, Z and Yu, HY and Fan, WJ and Ghibaudo, G and Buckley, J and DeSalvo, B and Li, X and Wang, XP and Lo, GQ and Kwong, DL},
  	journal={IEEE Transactions on Electron Devices},
  	volume={60},
  	number={3},
  	pages={1272--1275},
  	year={2013}
}
@article{yasuda2008flicker,
  	title={Flicker-noise impact on scaling of mixed-signal {CMOS} with {HfSiON}},
  	author={Yasuda, Yuri and Liu, Tsu-Jae King and Hu, Chenming},
  	journal={IEEE Transactions on Electron Devices},
  	volume={55},
  	number={1},
  	pages={417--422},
  	year={2008}
}
@article{ohmi2005new,
  	title={New era of silicon technologies due to radical reaction based semiconductor manufacturing},
  	author={Ohmi, Tadahiro and Hirayama, Masaki and Teramoto, Akinobu},
  	journal={Journal of Physics D: Applied Physics},
  	volume={39},
  	number={1},
  	pages={R1},
  	year={2005}
}
@article{gao2016emerging,
  	title={Emerging physical unclonable functions with nanotechnology},
  	author={Gao, Yansong and Ranasinghe, Damith C and Al-Sarawi, Said F and Kavehei, Omid and Abbott, Derek},
  	journal={IEEE Access},
  	volume={4},
  	pages={61--80},
  	year={2016},
}
@article{garbin2016resistive,
  	title={Resistive memory variability: A simplified trap-assisted tunneling model},
  	author={Garbin, Daniele and Vianello, Elisa and Rafhay, Quentin and Azzaz, Mourad and Candelier, Philippe and DeSalvo, Barbara and Ghibaudo, Gerard and Perniola, Luca},
  	journal={Solid-State Electronics},
  	volume={115},
  	pages={126--132},
  	year={2016}
}
@article{zhang2015highly,
  	title={Highly reliable spin-transfer torque magnetic {RAM}-based physical unclonable function with multi-response-bits per cell},
  	author={Zhang, Le and Fong, Xuanyao and Chang, Chip-Hong and Kong, Zhi Hui and Roy, Kaushik},
  	journal={IEEE Transactions on Information Forensics and Security},
  	volume={10},
  	number={8},
  	pages={1630--1642},
  	year={2015}
}
@article{zhang2015optimizating,
  	title={Optimizating Emerging Nonvolatile Memories for Dual-Mode Applications: Data Storage and Key Generator},
  	author={{Zhang}, Le and Fong, Xuanyao and Chang, Chip-Hong and Kong, Zhi Hui and Roy, Kaushik},
  	journal={IEEE Transactions on Computer-Aided Design of Integrated Circuits and Systems},
  	volume={34},
  	number={7},
  	pages={1176--1187},
  	year={2015}
}
@article{zhang2014exploiting,
  	title={Exploiting process variations and programming sensitivity of phase change memory for reconfigurable physical unclonable functions},
  	author={Zhang, Le and Kong, Zhi Hui and Chang, Chip-Hong and Cabrini, Alessandro and Torelli, Guido},
  	journal={IEEE Transactions on Information Forensics and Security},
  	volume={9},
  	number={6},
  	pages={921--932},
  	year={2014}
}
@article{maiti2012robust,
  	title={A robust physical unclonable function with enhanced challenge-response set},
  	author={Maiti, Abhranil and Kim, Inyoung and Schaumont, Patrick},
  	journal={IEEE Transactions on Information Forensics and Security},
  	volume={7},
  	number={1},
  	pages={333--345},
  	year={2012},
}
@article{chen2015rram,
  	title={{RRAM} defect modeling and failure analysis based on march test and a novel squeeze-search scheme},
  	author={Chen, Ching-Yi and Shih, Hsiu-Chuan and Wu, Cheng-Wen and Lin, Chih-He and Chiu, Pi-Feng and Sheu, Shyh-Shyuan and Chen, Frederick T},
  	journal={IEEE Transactions on Computers},
  	volume={64},
  	number={1},
  	pages={180--190},
  	year={2015}
}
@article{zhang2015puf,
  	title={A {PUF-FSM} binding scheme for {FPGA IP} protection and pay-per-device licensing},
  	author={Zhang, Jiliang and Lin, Yaping and Lyu, Yongqiang and Qu, Gang},
  	journal={IEEE Transactions on Information Forensics and Security},
  	volume={10},
  	number={6},
  	pages={1137--1150},
  	year={2015}
}
@article{rajendran2015nano,
  	title={Nano meets security: Exploring nanoelectronic devices for security applications},
  	author={Rajendran, Jeyavijayan and Karri, Ramesh and Wendt, James B and Potkonjak, Miodrag and McDonald, Nathan and Rose, Garrett S and Wysocki, Bryant},
  	journal={Proceedings of the IEEE},
  	volume={103},
  	number={5},
  	pages={829--849},
  	year={2015}
}
@article{fei2014statistics,
  	title={A Statistics-based Fundamental Model for Side-channel Attack Analysis},
  	author={Fei, Yunsi and Ding, A Adam and Lao, Jian and Zhang, Liwei},
  	journal={IACR Cryptology ePrint Archive},
  	volume={2014},
  	pages={152:1--28},
  	year={2014}
}
@article{messerges2002examining,
  	title={Examining smart-card security under the threat of power analysis attacks},
  	author={Messerges, Thomas S and Dabbish, Ezzat A and Sloan, Robert H},
  	journal={IEEE Transactions on Computers},
  	volume={51},
  	number={5},
  	pages={541--552},
  	year={2002}
}
@article{kocher2011introduction,
  	title={Introduction to differential power analysis},
  	author={Kocher, Paul and Jaffe, Joshua and Jun, Benjamin and Rohatgi, Pankaj},
  	journal={Journal of Cryptographic Engineering},
  	volume={1},
  	number={1},
  	pages={5--27},
  	year={2011}
}
@article{ambrogio2014statistical2,
  	title={Statistical Fluctuations in {HfO}$_x$ Resistive-Switching Memory: Part {II}--{R}andom Telegraph Noise},
  	author={Ambrogio, Stefano and Balatti, Simone and Cubeta, Antonio and Calderoni, Alessandro and Ramaswamy, Nirmal and Ielmini, Daniele},
  	journal={IEEE Transactions on Electron Devices},
  	volume={61},
  	number={8},
  	pages={2920--2927},
  	year={2014}
}
@article{da2016physics,
  	title={A Physics-Based Statistical {RTN} Model for the Low Frequency Noise in {MOSFETs}},
  	author={da Silva, Maur{\'\i}cio Banaszeski and Tuinhout, Hans P and Zegers-van Duijnhoven, Adrie and Wirth, Gilson I and Scholten, Andries J},
  	journal={IEEE Transactions on Electron Devices},
  	volume={63},
  	number={9},
  	pages={3683--3692},
  	year={2016}
}
@article{realov2013analysis,
  	title={Analysis of random telegraph noise in 45-nm {CMOS} using on-chip characterization system},
  	author={Realov, Simeon and Shepard, Kenneth L},
  	journal={IEEE Transactions on Electron Devices},
  	volume={60},
  	number={5},
  	pages={1716--1722},
  	year={2013}
}
@article{kurata2007random,
  	title={Random telegraph signal in flash memory: its impact on scaling of multilevel flash memory beyond the 90-nm node},
  	author={Kurata, Hideaki and Otsuga, Kazuo and Kotabe, Akira and Kajiyama, Shinya and Osabe, Taro and Sasago, Yoshitaka and Narumi, Shunichi and Tokami, Kenji and Kamohara, Shiro and Tsuchiya, Osamu},
  	journal={IEEE Journal of Solid-State Circuits},
  	volume={42},
  	number={6},
  	pages={1362--1369},
  	year={2007}
}
@article{nishimura2013solve,
  	title={Solve {MOSFET} characteristic variation and reliability degradation issues},
  	author={Nishimura, Takuro},
  	journal={Electronic Design News (EDN)},
  	pages={177--180},
  	year={2013}
}
@article{maddocks1972compact,
  	title={A compact and accurate generator for truly random binary digits},
  	author={Maddocks, RS and Matthews, S and Walker, EW and Vincent, CH},
  	journal={Journal of Physics E: Scientific Instruments},
  	volume={5},
  	number={6},
  	pages={542--544},
  	year={1972}
}
@article{kanter2010optical,
  	title={An optical ultrafast random bit generator},
  	author={Kanter, Ido and Aviad, Yaara and Reidler, Igor and Cohen, Elad and Rosenbluh, Michael},
  	journal={Nature Photonics},
  	volume={4},
  	number={1},
  	pages={58--61},
  	year={2010}
}
@article{bucci2003high,
  	title={A high-speed oscillator-based truly random number source for cryptographic applications on a smart card {IC}},
  	author={Bucci, Marco and Germani, Lucia and Luzzi, Raimondo and Trifiletti, Alessandro and Varanonuovo, Mario},
  	journal={IEEE Transactions on Computers},
  	volume={52},
  	number={4},
  	pages={403--409},
  	year={2003}
}
@article{dynes2008high,
  	title={A high speed, postprocessing free, quantum random number generator},
  	author={Dynes, James F and Yuan, Zhiliang L and Sharpe, Andrew W and Shields, Andrew J},
  	journal={Applied Physics Letters},
 	volume={93},
  	number={3},
	pages={031109},
  	year={2008}
}
@article{marangon2014random,
  	title={Random bits, true and unbiased, from atmospheric turbulence},
  	author={Marangon, Davide G and Vallone, Giuseppe and Villoresi, Paolo},
  	journal={Scientific Reports},
  	volume={4},
  	year={2014}
}
@article{fang2012area,
  	title={Area Dependent Low Frequency Noise in Metal Oxide Based Resistive Random Access Memory},
  	author={Fang, Zheng and Li, Xiang and Wang, Xinpeng and Lo, Patrick Guoqiang},
  	journal={International Journal of Information and Electronics Engineering},
  	volume={2},
  	number={6},
  	pages={882--884},
  	year={2012}
}
@article{peters1999random,
  	title={Random telegraph signals and $1/f$ noise in a silicon quantum dot},
  	author={Peters, MG and Dijkhuis, JI and Molenkamp, LW},
  	journal={Journal of Applied Physics},
  	volume={86},
  	number={3},
  	pages={1523--1526},
  	year={1999}
}
@article{pistol1999random,
  	title={Random telegraph noise in photoluminescence from individual self-assembled quantum dots},
  	author={Pistol, Mats-Erik and Castrillo, P and Hessman, Dan and Prieto, Jos{\'e} A and Samuelson, Lars},
  	journal={Physical Review B},
  	volume={59},
  	number={16},
  	year={1999},
	pages={10725-10729}
}
@article{rice1945mathematical,
  	title={Mathematical theory of random noise},
  	author={Rice, SO},
  	journal={Bell System Technical Journal},
  	volume={25},
  	pages={46--156},
  	year={1945}
}
@article{soni2010probing,
  	title={Probing {Cu} doped {Ge}$_{0.3}${Se}$_{0.7}$ based resistance switching memory devices with random telegraph noise},
  	author={Soni, R and Meuffels, P and Petraru, A and Weides, M and K{\"u}geler, C and Waser, R and Kohlstedt, H},
  	journal={Journal of Applied Physics},
  	volume={107},
  	number={2},
  	year={2010},
	pages={024517:1--10}
}
@article{terai2010memory,
  	title={Memory-state dependence of random telegraph noise of {Ta}$_2{O}_5$/{TiO}$_2$ stack {ReRAM}},
  	author={Terai, Masayuki and Sakotsubo, Yukihiro and Saito, Yukihiro and Kotsuji, Setsu and Hada, Hiromitsu},
  	journal={IEEE Electron Device Letters},
  	volume={31},
  	number={11},
  	pages={1302--1304},
  	year={2010}
}
@article{realov2010random,
	title={Random telegraph noise in $45$-nm {CMOS}: Analysis using an on-chip test and measurement system},
  	author={Realov, Simeon and Shepard, Kenneth L},
  	journal={IEEE International Electron Devices Meeting (IEDM)},
  	pages={28.2.1--4}, 
	year={2010}
}
@article{jhang2005random,
  	title={Random telegraph noise in carbon nanotube peapod transistors},
  	author={Jhang, SungHo and Lee, SangWook and Lee, DongSu and Park, YungWoo and Jeong, G-H and Hirata, T and Hatakeyama, R and Dettlaff, U and Roth, S and Kabir, MS and others},
  	journal={Fullerenes, Nanotubes, and Carbon Nanostructures},
  	volume={13},
  	number={S1},
  	pages={195--198},
  	year={2005}
}
@article{johnson1928thermal,
  	title={Thermal agitation of electricity in conductors},
  	author={Johnson, John Bertrand},
  	journal={Physical Review},
  	volume={32},
  	number={1},
 	pages={97},
  	year={1928}
}
@article{nyquist1928thermal,
  	title={Thermal agitation of electric charge in conductors},
  	author={Nyquist, Harry},
  	journal={Physical Review},
  	volume={32},
  	number={1},
  	pages={110},
  	year={1928}
}
@article{machlup1954noise,
  	title={Noise in semiconductors: Spectrum of a two-parameter random signal},
  	author={Machlup, Stefan},
  	journal={Journal of Applied Physics},
  	volume={25},
  	number={3},
  	pages={341--343},
  	year={1954}
}
@article{ambrogio2014statistical1,
  	title={Statistical Fluctuations in {HfO$_{\rm x}$} Resistive-Switching Memory: Part {I}--{Set/Reset} Variability},
  	author={Ambrogio, Stefano and Balatti, Simone and Cubeta, Antonio and Calderoni, Alessandro and Ramaswamy, Nirmal and Ielmini, Daniele},
  	journal={IEEE Transactions on Electron Devices},
  	volume={61},
  	number={8},
  	pages={2912--2919},
  	year={2014}
}
@article{balatti2016physical,
  	title={Physical Unbiased Generation of Random Numbers With Coupled Resistive Switching Devices},
  	author={Balatti, Simone and Ambrogio, Stefano and Carboni, Roberto and Milo, Valerio and Wang, Zhongqiang and Calderoni, Alessandro and Ramaswamy, Nirmal and Ielmini, Daniele},
  	journal={IEEE Transactions on Electron Devices},
  	volume={63},
  	number={5},
  	pages={2029--2035},
  	year={2016}
}
@article{guan2012switching,
  	title={On the switching parameter variation of metal-oxide {RRAM} {Part I}: Physical modeling and simulation methodology},
  	author={Guan, Ximeng and Yu, Shimeng and Wong, H-S Philip},
  	journal={IEEE Transactions on Electron Devices},
  	volume={59},
  	number={4},
  	pages={1172--1182},
  	year={2012}
}
@article{park2011multibit,
  	title={Multibit Operation of-Based {ReRAM} by Schottky Barrier Height Engineering},
  	author={Park, Jubong and Biju, KP and Jung, Seungjae and Lee, Wootae and Lee, Joonmyoung and Kim, Seonghyun and Park, Sangsu and Shin, Jungho and Hwang, Hyunsang},
  	journal={IEEE Electron Device Letters},
  	volume={32},
  	number={4},
  	pages={476--478},
  	year={2011}
}
@article{yang2012complementary,
  	title={Complementary resistive switching in tantalum oxide-based resistive memory devices},
  	author={Yang, Yuchao and Sheridan, Patrick and Lu, Wei},
  	journal={Applied Physics Letters},
  	volume={100},
  	number={20},
  	pages={203112:1--4},
  	year={2012}
}
@article{bear1994synaptic,
  	title={Synaptic plasticity: {LTP} and {LTD}},
  	author={Bear, Mark F and Malenka, Robert C},
 	journal={Current opinion in neurobiology},
  	volume={4},
  	number={3},
  	pages={389--399},
  	year={1994}
}
@article{mead1990neuromor,
  	title={Neuromorphic electronic systems},
  	author={Mead, Carver},
  	journal={Proceedings of the IEEE},
  	volume={78},
  	number={10},
  	pages={1629--1636},
  	year={1990}
}
@article{tank1986simple,
  	title={Simple \lq{}neural\rq{} optimization networks: An {A/D} converter, signal decision circuit, and a linear programming circuit},
  	author={Tank, David W and Hopfield, John J},
  	journal={IEEE Transactions on Circuits and Systems},
  	volume={33},
  	number={5},
  	pages={533--541},
  	year={1986}
}
@article{basheer2000artificial,
  	title={Artificial neural networks: Fundamentals, computing, design, and application},
  	author={Basheer, IA and Hajmeer, M},
  	journal={Journal of Microbiological Methods},
  	volume={43},
  	number={1},
  	pages={3--31},
  	year={2000}
}
@article{ahmad2009multiple,
   	author={Ahmad, Zainal and Mat Noor, Rabiatul \lq{}Adawiah and Zhang, Jie},
   	title={Multiple neural networks modeling techniques in process control: A review},
   	journal={Asia-Pacific Journal of Chemical Engineering},
   	volume={4},
   	number={4},
   	pages={403--419},
   	year={2009}
}
@article{yang2008memristive,
   	author={Yang, J Joshua and Pickett, Matthew D and Li, Xuema and Ohlberg, Douglas AA and Stewart, Duncan R and Williams, R Stanley},
   	title={Memristive switching mechanism for metal/oxide/metal nanodevices},
   	journal={Nature Nanotechnology},
   	volume={3},
   	number={7},
   	pages={429--433},
   	year={2008}
}
@article{nili2016microstructure,
  	title={Microstructure and dynamics of vacancy-induced nanofilamentary switching network in donor doped {SrTiO}$_{3-x}$ memristors},
  	author={Nili, Hussein and Ahmed, Taimur and Walia, Sumeet and Ramanathan, Rajesh and Kandjani, Ahmad Esmaielzadeh and Rubanov, Sergey and Kim, Jeeson and Kavehei, Omid and Bansal, Vipul and Bhaskaran, Madhu and others},
  	journal={Nanotechnology},
  	volume={27},
  	number={50},
  	pages={505210:1--8},
  	year={2016}
}
@article{nili2014Nanoscale,
   	author={Nili, Hussein and Walia, Sumeet and Balendhran, Sivacarendran and Strukov, Dmitri B. and Bhaskaran, Madhu and Sriram, Sharath},
   	title={Nanoscale Resistive Switching in Amorphous Perovskite Oxide ($a$-{SrTiO}$_3$) Memristors},
   	journal={Advanced Functional Materials},
   	volume={24},
   	number={43},
   	pages={6741--6750},
   	year={2014}
}
@article{nili2015donor,
  	title={Donor-Induced Performance Tuning of Amorphous {SrTiO}$_3$ Memristive Nanodevices: Multistate Resistive Switching and Mechanical Tunability},
  	author={Nili, Hussein and Walia, Sumeet and Kandjani, Ahmad Esmaielzadeh and Ramanathan, Rajesh and Gutruf, Philipp and Ahmed, Taimur and Balendhran, Sivacarendran and Bansal, Vipul and Strukov, Dmitri B and Kavehei, Omid and others},
  	journal={Advanced Functional Materials},
  	volume={25},
  	number={21},
  	pages={3172--3182},
  	year={2015}
}
@article{su2008digital,
  	title={A digital 1.6 {pJ/bit} chip identification circuit using process variations},
  	author={Su, Ying and Holleman, Jeremy and Otis, Brian P},
  	journal={IEEE Journal of Solid-State Circuits},
  	volume={43},
  	number={1},
  	pages={69--77},
  	year={2008}
}
@article{chua1971memristor,
  	title={Memristor-the missing circuit element},
  	author={Chua, Leon O},
  	journal={IEEE Transactions on Circuit Theory},
  	volume={18},
  	number={5},
  	pages={507--519},
  	year={1971}
}
@article{strachan2011measuring,
  	title={Measuring the switching dynamics and energy efficiency of tantalum oxide memristors},
  	author={Strachan, John Paul and Torrezan, Antonio C and Medeiros-Ribeiro, Gilberto and Williams, R Stanley},
  	journal={Nanotechnology},
  	volume={22},
  	number={50},
  	pages={505402},
  	year={2011}
}
@article{chin2013invited,
  	title={(Invited) {U}ltra-Low Switching Power {RRAM} Using Hopping Conduction Mechanism},
  	author={Chin, Albert and Cheng, Chun-Hu and Chiu, YC and Zheng, ZW and Liu, Ming},
  	journal={ECS Transactions},
  	volume={50},
  	number={4},
  	pages={3--8},
  	year={2013}
}
@article{gaba2013stochastic,
  	title={Stochastic memristive devices for computing and neuromorphic applications},
  	author={Gaba, Siddharth and Sheridan, Patrick and Zhou, Jiantao and Choi, Shinhyun and Lu, Wei},
  	journal={Nanoscale},
  	volume={5},
  	number={13},
  	pages={5872--5878},
  	year={2013}
}
@article{fukushima2014spin,
  	title={Spin dice: A scalable truly random number generator based on spintronics},
  	author={Fukushima, Akio and Seki, Takayuki and Yakushiji, Kay and Kubota, Hitoshi and Imamura, Hiroshi and Yuasa, Shinji and Ando, Koji},
  	journal={Applied Physics Express},
  	volume={7},
  	number={8},
  	pages={083001},
  	year={2014}
}
@article{uchida2008fast,
  	title={Fast physical random bit generation with chaotic semiconductor lasers},
  	author={Uchida, Atsushi and Amano, Kazuya and Inoue, Masaki and Hirano, Kunihito and Naito, Sunao and Someya, Hiroyuki and Oowada, Isao and Kurashige, Takayuki and Shiki, Masaru and Yoshimori, Shigeru and others},
  	journal={Nature Photonics},
  	volume={2},
  	number={12},
  	pages={728--732},
  	year={2008}
}
@article{huang2012contact,
  	title={A contact-resistive random-access-memory-based true random number generator},
  	author={Huang, Chien-Yuan and Shen, Wen Chao and Tseng, Yuan-Heng and King, Ya-Chin and Lin, Chrong-Jung},
  	journal={IEEE Electron Device Letters},
  	volume={33},
  	number={8},
  	pages={1108--1110},
  	year={2012}
}
@article{taylor2011digital,
  	title={Digital randomness},
  	author={Taylor, Greg and Cox, George},
  	journal={IEEE Spectrum},
  	volume={48},
  	number={9},
  	pages={32--58},
  	year={2011}
}
@article{jennewein2000fast,
  	title={A fast and compact quantum random number generator},
  	author={Jennewein, Thomas and Achleitner, Ulrich and Weihs, Gregor and Weinfurter, Harald and Zeilinger, Anton},
  	journal={Review of Scientific Instruments},
  	volume={71},
  	number={4},
  	pages={1675--1680},
  	year={2000}
}
@article{haw2015maximization,
  	title={Maximization of extractable randomness in a quantum random-number generator},
  	author={Haw, JY and Assad, SM and Lance, AM and Ng, NHY and Sharma, V and Lam, PK and Symul, T},
  	journal={Physical Review Applied},
  	volume={3},
  	number={5},
  	pages={054004},
  	year={2015}
}
@article{calude2010experimental,
  	title={Experimental evidence of quantum randomness incomputability},
  	author={Calude, Cristian S and Dinneen, Michael J and Dumitrescu, Monica and Svozil, Karl},
  	journal={Physical Review Applied},
  	volume={82},
  	number={2},
  	pages={022102},
  	year={2010}
}
@article{symul2011real,
  	title={Real time demonstration of high bitrate quantum random number generation with coherent laser light},
  	author={Symul, Thomas and Assad, SM and Lam, Ping K},
  	journal={Applied Physics Letters},
  	volume={98},
  	number={23},
  	pages={231103},
  	year={2011}
}
@article{hirano2010fast,
  	title={Fast random bit generation with bandwidth-enhanced chaos in semiconductor lasers},
  	author={Hirano, Kunihito and Yamazaki, Taiki and Morikatsu, Shinichiro and Okumura, Haruka and Aida, Hiroki and Uchida, Atsushi and Yoshimori, Shigeru and Yoshimura, Kazuyuki and Harayama, Takahisa and Davis, Peter},
  	journal={Optics Express},
  	volume={18},
  	number={6},
  	pages={5512--5524},
  	year={2010}
}
@article{edwards2015reconfigurable,
   	author={Edwards, Arthur H and Barnaby, Hugh J and Campbell, Kristy A and Kozicki, Michael N and Liu, Wei and Marinella, Matthew J},
   	title={Reconfigurable memristive device technologies},
  	journal={Proceedings of the IEEE},
   	volume={103},
   	number={7},
   	pages={1004--1033},
   	year={2015}
}
@article{Hughes1958post,
	author={Hughes, John R.},
	title={Post-Tetanic Potentiation},
	volume={38},
	number={1},
	pages={91--113},
	year={1958},
	journal={Physiological Reviews}
}
@article{ruhrmair2011applications,
  	title={Applications of high-capacity crossbar memories in cryptography},
  	author={R{\"u}hrmair, Ulrich and Jaeger, Christian and Bator, Matthias and Stutzmann, Martin and Lugli, Paolo and Csaba, Gy{\"o}rgy},
  	journal={IEEE Transactions on Nanotechnology},
  	volume={10},
  	number={3},
  	pages={489--498},
  	year={2011}
}
@article{wong2012metal,
  	title={Metal--oxide {RRAM}},
  	author={Wong, H-S Philip and Lee, Heng-Yuan and Yu, Shimeng and Chen, Yu-Sheng and Wu, Yi and Chen, Pang-Shiu and Lee, Byoungil and Chen, Frederick T and Tsai, Ming-Jinn},
  	journal={Proceedings of the IEEE},
  	volume={100},
 	 number={6},
  	pages={1951--1970},
  	year={2012}
}
@article{xu2006compact,
  	title={Compact floating-gate true random number generator},
  	author={Xu, P and Wong, YL and Horiuchi, TK and Abshire, PA},
  	journal={Electronics Letters},
  	volume={42},
  	number={23},
  	pages={1},
  	year={2006}
}
@article{balatti2015true,
  	title={True random number generation by variability of resistive switching in oxide-based devices},
  	author={Balatti, Simone and Ambrogio, Stefano and Wang, Zhongqiang and Ielmini, Daniele},
  	journal={IEEE Journal on Emerging and Selected Topics in Circuits and Systems},
  	volume={5},
  	number={2},
  	pages={214--221},
  	year={2015}
}
@article{simoen2013lessons,
  	title={Lessons learned from low-frequency noise studies on fully depleted {UTBOX} silicon-on-insulator {nMOSFETs}},
  	author={Simoen, Eddy R and Aoulaiche, Marc and Dos Santos, SD and Martino, JA and Strobel, Vincent and Cretu, Bogdan and Routoure, Jean-Marc and Carin, Regis and Rodr{\'\i}guez, A Luque and Tajada, Juan A Jim{\'e}nez and others},
  	journal={ECS Transactions},
  	volume={53},
  	number={5},
  	pages={49--61},
  	year={2013}
}
@article{gao2015memristive,
  	title={Memristive crypto primitive for building highly secure physical unclonable functions},
  	author={Gao, Yansong and Ranasinghe, Damith C and Al-Sarawi, Said F and Kavehei, Omid and Abbott, Derek},
  	journal={Scientific Reports},
  	volume={5},
  	year={2015}
}
@article{raghavan2013modeling,
   	author={Raghavan, Nagarajan and Degraeve, Robin and Fantini, Andrea and Goux, Ludovic and Wouters, Dirk J and Groeseneken, Guido and Jurczak, Malgorzata},
   	title={Modeling the Impact of Reset Depth on Vacancy-Induced Filament Perturbations in {RRAM}},
   	journal={IEEE Electron Device Letters},
  	volume={34},
   	number={5},
	year={2013},
   	pages={614--616}
} 
@article{das2015mram,
  	title={{MRAM PUF}: A novel geometry based magnetic {PUF} with integrated {CMOS}},
  	author={Das, Jayita and Scott, Kevin and Rajaram, Srinath and Burgett, Drew and Bhanja, Sanjukta},
  	journal={IEEE Transactions on Nanotechnology},
  	volume={14},
  	number={3},
  	pages={436--443},
  	year={2015}
}
@article{das2016mram,
  	title={{MRAM PUF}: Using Geometric and Resistive Variations in {MRAM} cells},
  	author={Das, Jayita and Scott, Kevin and Bhanja, Sanjukta},
  	journal={ACM Journal on Emerging Technologies in Computing Systems (JETC)},
  	volume={13},
  	number={1},
  	year={2016},
  	pages={1--15}
}
@article{devadas2013secure,
	author={Yu, Meng-Day and Devadas, Srinivas}, 
	journal={IEEE Design Test of Computers}, 
	title={Secure and Robust Error Correction for Physical Unclonable Functions}, 
	year={2010}, 
	volume={27}, 
	number={1}, 
	pages={48--65}
}
@article{larcher2014progresses,
   	author={Larcher, Luca and Pirrotta, Onofrio and Puglisi, Francesco Maria and Padovani, Andrea and Pavan, Paolo and Vandelli, Luca},
   	title={Progresses in modeling {HfO}$_x$ {RRAM} operations and variability},
   	journal={ECS Transactions},
   	volume={64},
   	number={14},
   	pages={49--60},
   	year={2014}
}
@article{ambrogio2015Noise,
   	author={Ambrogio, Stefano and Balatti, Simone and McCaffrey, Vincent and Wang, Daniel C and Ielmini, Daniele},
   	title={Noise-Induced Resistance Broadening in Resistive Switching Memory {Part I}: Intrinsic Cell Behavior},
   	journal={IEEE Transactions on Electron Devices},
   	year={2015},
   	volume={62},
   	number={11},
   	pages={3805--3811}
}
@article{hu2016physically,
  	title={Physically unclonable cryptographic primitives using self-assembled carbon nanotubes},
	author={Hu, Zhaoying and Comeras, Jose Miguel M Lobez and Park, Hongsik and Tang, Jianshi and Afzali, Ali and Tulevski, George S and Hannon, James B and Liehr, Michael and Han, Shu-Jen},
  	journal={Nature Nanotechnology},
  	volume={11},
  	number={6},
  	pages={559--565},
  	year={2016}
}
@article {pappu2002physical,
	author={Pappu, Ravikanth and Recht, Ben and Taylor, Jason and Gershenfeld, Neil},
	journal={Science},
	title={Physical One-Way Functions},
	volume={297},
	number={5589},
	pages={2026--2030},
	year={2002}
}
@article{kommerling1999design,
  	title={Design Principles for Tamper-Resistant Smartcard Processors},
  	author={K{\"o}mmerling, Oliver and Kuhn, Markus G},
  	journal={Smartcard},
  	volume={99},
  	pages={9--20},
  	year={1999}
}
@article{lim2005extracting,
  	title={Extracting secret keys from integrated circuits},
  	author={Lim, Daihyun and Lee, Jae W and Gassend, Blaise and Suh, G Edward and Van Dijk, Marten and Devadas, Srinivas},
  	journal={IEEE Transactions on Very Large Scale Integration (VLSI) Systems},
  	volume={13},
  	number={10},
  	pages={1200--1205},
  	year={2005}
}
@article{gassend2004identification,
  	title={Identification and authentication of integrated circuits},
  	author={Gassend, Blaise and Lim, Daihyun and Clarke, Dwaine and Van Dijk, Marten and Devadas, Srinivas},
  	journal={Concurrency and Computation: Practice and Experience},
  	volume={16},
  	number={11},
  	pages={1077--1098},
  	year={2004}
}
@article{rajendran2012nanoelectronic,
  	title={Nanoelectronic Solutions for Hardware Security},
  	author={Rajendran, Jeyavijayan and Karri, Ramesh and Wendt, James Bradley and Potkonjak, Miodrag and McDonald, Nathan R and Rose, Garrett S and Wysocki, Bryant T},
  	journal={IACR Cryptology ePrint Archive},
  	volume={2012},
  	pages={575:1--12},
  	year={2012}
}
@article{linares2009memristance,
  	title={Memristance can explain spike-time-dependent-plasticity in neural synapses},
  	author={Linares-Barranco, Bernab{\'e} and Serrano-Gotarredona, Teresa},
  	journal={Nature Precedings},
  	volume={1},
  	pages={1--4},
  	year={2009}
}
@article{r200934, 
	author={Cernea, Raul-Adrian and Pham, Long and Moogat, Farookh and Chan, Siu and Le, Binh and Li, Yan and Tsao, Shouchang and Tseng, Tai-Yuan and Nguyen, Khanh and Li, Jason and J. Hu and J. H. Yuh and C. Hsu and F. Zhang and T. Kamei and H. Nasu and P. Kliza and K. Htoo and J. Lutze and Y. Dong and M. Higashitani and J. Yang and H. S. Lin and V. Sakhamuri and A. Li and F. Pan and S. Yadala and S. Taigor and K. Pradhan and J. Lan and J. Chan and T. Abe and Y. Fukuda and H. Mukai and K. Kawakami and C. Liang and T. Ip and S. F. Chang and J. Lakshmipathi and S. Huynh and D. Pantelakis and M. Mofidi and K. Quader}, 
	journal={IEEE Journal of Solid-State Circuits}, 
	title={A 34 {Mb/s MLC} Write Throughput 16 {Gb NAND} With All Bit Line Architecture on 56 nm Technology}, 
	year={2009}, 
	volume={44}, 
	number={1}, 
	pages={186--194}
}
@article{pershin2010neural,
   	author={Pershin, Yuriy V and Di Ventra, Massimiliano},
   	title={Experimental demonstration of associative memory with memristive neural networks},
   	journal={Neural Networks},
   	volume={23},
   	number={7},
   	pages={881--886},
   	year={2010}
}
@article{li2014activity,
  	title={Activity-Dependent Synaptic Plasticity of a Chalcogenide Electronic Synapse for Neuromorphic Systems},
  	author={Li, Yi and Zhong, Yingpeng and Zhang, Jinjian and Xu, Lei and Wang, Qing and Sun, Huajun and Tong, Hao and Cheng, Xiaoming and Miao, Xiangshui},
 	 journal={Scientific Reports},
  	volume={4},
  	year={2014},
  	pages={4906}
}
@article{he2014enabling,
  	title={Enabling an integrated rate-temporal learning scheme on memristor},
  	author={He, Wei and Huang, Kejie and Ning, Ning and Ramanathan, Kiruthika and Li, Guoqi and Jiang, Yu and Sze, JiaYin and Shi, Luping and Zhao, Rong and Pei, Jing},
  	journal={Scientific Reports},
  	volume={4},
  	year={2014},
	pages={4755}
}
@article{yang2013memristive,
  	title={Memristive devices for computing},
  	author={Yang, J Joshua and Strukov, Dmitri B and Stewart, Duncan R},
  	journal={Nature Nanotechnology},
  	volume={8},
  	number={1},
  	pages={13--24},
  	year={2013}
}
@article{mandal2014novel,
  	title={Novel synaptic memory device for neuromorphic computing},
  	author={Mandal, Saptarshi and El-Amin, Ammaarah and Alexander, Kaitlyn and Rajendran, Bipin and Jha, Rashmi},
  	journal={Scientific Reports},
  	volume={4},
  	year={2014},
  	pages={5333}
}
@article{hu2015associative,
   	author={Hu, S. G. and Liu, Y. and Liu, Z. and Chen, T. P. and Wang, J. J. and Yu, Q. and Deng, L. J. and Yin, Y. and Hosaka, Sumio},
   	title={Associative memory realized by a reconfigurable memristive {H}opfield neural network},
   	journal={Nature Communications},
   	volume={6},
   	year={2015},
  	pages={7522}
}
@article{legenstein2015computer,
  	title={Computer science: Nanoscale connections for brain-like circuits},
  	author={Legenstein, Robert},
  	journal={Nature},
  	volume={521},
  	number={7550},
  	pages={37--38},
  	year={2015}
}
@article{berdan2016emulating,
  	title={Emulating short-term synaptic dynamics with memristive devices},
  	author={Berdan, Radu and Vasilaki, Eleni and Khiat, Ali and Indiveri, Giacomo and Serb, Alexandru and Prodromakis, Themistoklis},
  	journal={Scientific Reports},
  	volume={6},
  	year={2016}
}
@article{zidan2016single,
  	title={Single-Readout High-Density Memristor Crossbar},
  	author={Zidan, MA and Omran, Hesham and Naous, R and Sultan, A and Fahmy, HAH and Lu, WD and Salama, Khaled N},
  	journal={Scientific Reports},
  	volume={6},
  	year={2016}
}
@article{majzoobi2009techniques,
  	title={Techniques for design and implementation of secure reconfigurable {PUFs}},
  	author={Majzoobi, Mehrdad and Koushanfar, Farinaz and Potkonjak, Miodrag},
  	journal={ACM Transactions on Reconfigurable Technology and Systems (TRETS)},
  	volume={2},
  	number={1},
  	pages={5:1--33},
  	year={2009}
}
@article{ruhrmair2013puf,
  	title={{PUF} modeling attacks on simulated and silicon data},
  	author={R{\"u}hrmair, Ulrich and Solter, Jan and Sehnke, Frank and Xu, Xiaolin and Mahmoud, Ali and Stoyanova, Vera and Dror, Gideon and Schmidhuber, Jurgen and Burleson, Wayne and Devadas, Srinivas},
  	journal={IEEE Transactions on Information Forensics and Security},
  	volume={8},
  	number={11},
  	pages={1876--1891},
  	year={2013}
}
@article{m2013offset, 
	author={Chang, Meng-Fan and Shen, Shin-Jang and Liu, Chia-Chi and Wu, Che-Wei and Lin, Yu-Fan and King, Ya-Chin and Lin, Chorng-Jung and Liao, Hung-Jen and Chih, Yu-Der and Yamauchi, Hiroyuki}, 
journal={IEEE Journal of Solid-State Circuits}, 
	title={An Offset-Tolerant Fast-Random-Read Current-Sampling-Based Sense Amplifier for Small-Cell-Current Nonvolatile Memory}, 
	year={2013}, 
	volume={48}, 
	number={3}, 
	pages={864--877}
}
@article{csaba2009chip,
  	title={On-Chip Electric Waves: An Analog Circuit Approach to Physical Uncloneable Functions},
  	author={Csaba, Gy{\"o}rgy and Ju, Xueming and Chen, Qingqing and Porod, Wolfgang and Schmidhuber, J{\"u}rgen and Schlichtmann, Ulf and Lugli, Paolo and R{\"u}hrmair, Ulrich},
  	journal={IACR Cryptology ePrint Archive},
  	volume={2009},
  	pages={1--14},
  	year={2009}
}
@article{beck2000reproducible,
  	title={Reproducible switching effect in thin oxide films for memory applications},
  	author={Beck, A and Bednorz, JG and Gerber, Ch and Rossel, Ch and Widmer, D},
  	journal={Applied Physics Letters},
  	volume={77},
  	number={1},
  	pages={139--141},
  	year={2000}
}
@article{auguste1883cryptographie,
  	title={La cryptographie militaire},
  	author={Auguste, Kerckhoffs},
  	journal={Journal des Sciences Militaires},
  	volume={IX},
  	pages={5--38},
  	year={1883}
}
@article{delvaux2014fault,
  	title={Fault injection modeling attacks on 65 nm arbiter and {RO} sum{PUF}s via environmental changes},
  	author={J, Delvaux and I, Verbauwhede},
  	journal={IEEE Transactions on Circuits and Systems I: Regular Papers},
  	volume={61},
  	number={6},
  	pages={1701--1713},
  	year={2014}
}
@article{rostami2014robust,
  	title={Robust and reverse-engineering resilient {PUF} authentication and key-exchange by substring matching},
  	author={Rostami, Mohamad and Majzoobi, Mehrdad and Koushanfar, Farinaz and Wallach, Dan and Devadas, Srinivas},
  	journal={IEEE Transactions on Emerging Topics in Computing},
  	volume={2},
  	number={1},
  	pages={37--49},
  	year={2014}
}
@article{waser2007nanoionics,
  	title={Nanoionics-based resistive switching memories},
  	author={Waser, Rainer and Aono, Masakazu},
  	journal={Nature Materials},
  	volume={6},
  	number={11},
  	pages={833--840},
  	year={2007}
}
@article{hopfield1982neural,
   	author={Hopfield, John J},
   	title={Neural networks and physical systems with emergent collective computational abilities},
   	journal={Proceedings of the National Academy of Sciences},
   	volume={79},
   	number={8},
  	pages={2554--2558},
   	year={1982}
}
@article{park2013speech,
   	author={Park, Soojin and Sheri, A and Kim, J and Noh, Junyong and Jang, Jin and Jeon, M and Lee, B and Lee, BR and Lee, BH and Hwang, Han-jeong},
   	title={Neuromorphic speech systems using advanced {ReRAM}-based synapse},
   	journal={IEEE International Electron Devices Meeting (IEDM)},
   	volume={25},
   	pages={25.6.1--4},	
   	year={2013}
}
@article{prezioso2015training,
  	title={Training and operation of an integrated neuromorphic network based on metal-oxide memristors},
  	author={Prezioso, Mirko and Merrikh-Bayat, Farnood and Hoskins, BD and Adam, GC and Likharev, Konstantin K and Strukov, Dmitri B},
  	journal={Nature},
  	volume={521},
  	number={7550},
  	pages={61--64},
  	year={2015}
}
@article{li2011improvement,
  	title={Improvement of resistive switching characteristics in {ZrO}$_2$ film by embedding a thin {TiO}$_x$ layer},
  	author={Li, Yingtao and Long, Shibing and Lv, Hangbing and Liu, Qi and Wang, Yan and Zhang, Sen and Lian, Wentai and Wang, Ming and Zhang, Kangwei and Xie, Hongwei and others},
  	journal={Nanotechnology},
  	volume={22},
  	number={25},
  	pages={254028},
  	year={2011}
}
@article{park2015electronic,
  	title={Electronic system with memristive synapses for pattern recognition},
  	author={Park, Sangsu and Chu, Myonglae and Kim, Jongin and Noh, Jinwoo and Jeon, Moongu and Lee, Byoung Hun and Hwang, Hyunsang and Lee, Boreom and Lee, Byung-geun},
  	journal={Scientific Reports},
  	volume={5},
  	year={2015}
}
@article{cole2008networked,
  	title={Networked {RFID} systems and lightweight cryptography},
  	author={Cole, Peter H and Ranasinghe, Damith C},
  	journal={London, UK: Springer},
  	volume={10},
  	pages={1--348},
  	year={2008}
}
@article{li2013ultrafast,
  	title={Ultrafast synaptic events in a chalcogenide memristor},
  	author={Li, Yi and Zhong, Yingpeng and Xu, Lei and Zhang, Jinjian and Xu, Xiaohua and Sun, Huajun and Miao, Xiangshui},
  	journal={Scientific Reports},
  	volume={3},
  	year={2013}
}
@article{horstmeyer2013physical,
  	title={Physical key-protected one-time pad},
  	author={Horstmeyer, Roarke and Judkewitz, Benjamin and Vellekoop, Ivo M and Assawaworrarit, Sid and Yang, Changhuei},
  	journal={Scientific Reports},
  	volume={3},
  	year={2013}
}
@article{matsumoto2014nano,
  	title={Nano-artifact metrics based on random collapse of resist},
  	author={Matsumoto, Tsutomu and Hoga, Morihisa and Ohyagi, Yasuyuki and Ishikawa, Mikio and Naruse, Makoto and Hanaki, Kenta and Suzuki, Ryosuke and Sekiguchi, Daiki and Tate, Naoya and Ohtsu, Motoichi},
  	journal={Scientific Reports},
  	volume={4},
  	year={2014}
}
@article{choi2015data,
  	title={Data Clustering using Memristor Networks},
  	author={Choi, Shinhyun and Sheridan, Patrick and Lu, Wei D},
  	journal={Scientific Reports},
  	volume={5},
  	year={2015}
}
@article{lee2011fast,
  	title={A fast, high-endurance and scalable non-volatile memory device made from asymmetric {Ta}$_2${O}$_{5-x}$/{TaO}$_{2-x}$ bilayer structures},
  	author={Lee, Myoung-Jae and Lee, Chang Bum and Lee, Dongsoo and Lee, Seung Ryul and Chang, Man and Hur, Ji Hyun and Kim, Young-Bae and Kim, Chang-Jung and Seo, David H and Seo, Sunae and others},
  	journal={Nature Materials},
  	volume={10},
  	number={8},
  	pages={625--630},
  	year={2011}
}
@article{yang2010high,
  	title={High switching endurance in {TaO}$_x$ memristive devices},
  	author={Yang, J Joshua and Zhang, MX and Strachan, John Paul and Miao, Feng and Pickett, Matthew D and Kelley, Ronald D and Medeiros-Ribeiro, G and Williams, R Stanley},
  	journal={Applied Physics Letters},
  	volume={97},
  	number={23},
  	pages={232102},
  	year={2010}
}
@article{torrezan2011sub,
  	title={Sub-nanosecond switching of a tantalum oxide memristor},
  	author={Torrezan, Antonio C and Strachan, John Paul and Medeiros-Ribeiro, Gilberto and Williams, R Stanley},
  	journal={Nanotechnology},
  	volume={22},
  	number={48},
  	pages={485203},
  	year={2011}
}











@inproceedings{dou2017challenges,
    title={Challenges of emerging memory and memristor based circuits: Nonvolatile logics, {IoT} security, deep learning and neuromorphic computing},
    author={Dou, Chunmeng and Chen, Wei-Hao and Chen, Yi-Ju and Lin, Huan-Ting and Lin, Wei-Yu and Ho, Mon-Shu and Chang, Meng-Fan},
    booktitle={IEEE 12$^\textrm{th}$ International Conference on ASIC (ASICON)},
    pages={140--143},
    volume={}, 
    number={},
    year={2017}
}
@inproceedings{van2014puf,
    title={PUF Interfaces and their Security},
    author={{van Dijk}, Marten and R{\"u}hrmair, Uli},
    booktitle={IEEE Computer Society Annual Symposium on VLSI},
    pages={25--28},
    year={2014}
}
@inproceedings{verbauwhede2011physically,
    title={Physically unclonable functions: manufacturing variability as an unclonable device identifier},
    author={Verbauwhede, Ingrid and Maes, Roel},
    booktitle={Proceedings of the 21$^\textrm{st}$ edition of the Great Lakes Symposium on VLSI},
    pages={455--460},
    volume={}, 
    number={},
    year={2011}
}
@inproceedings{adames2016survey, 
    author={Adames, Ilia A. Bautista and Das, Jayita and Bhanja, Sanjukta}, 
    booktitle={International Great Lakes Symposium on VLSI (GLSVLSI)}, 
    title={Survey of emerging technology based physical unclonable funtions}, 
    year={2016}, 
    volume={}, 
    number={}, 
    pages={317-322} 
}
@inproceedings{bayat2017memristor,
    title={Memristor-based perceptron classifier: increasing complexity and coping with imperfect hardware},
    author={Bayat, Farnood Merrikh and Prezioso, Mirko and Chakrabarti, Bhaswar and Kataeva, Irina and Strukov, Dmitri},
    booktitle={Proceedings of the $36^\textrm{th}$ International Conference on Computer-Aided Design},
    pages={549--554},
    year={2017}
}
@inproceedings{holcomb2014bitline,
    title={Bitline {PUF}: Building native challenge-response {PUF} capability into any {SRAM}},
    author={Holcomb, Daniel E and Fu, Kevin},
    booktitle={International Workshop on Cryptographic Hardware and Embedded Systems--CHES},
    pages={510--526},
    year={2014}
}
@inproceedings{xu2014hybrid,
    title={Hybrid side-channel/machine-learning attacks on {PUFs}: A new threat?},
    author={Xu, Xiaolin and Burleson, Wayne},
    booktitle={Proceedings of the Conference on Design, Automation \& Test in Europe},
    pages={1--6},
    year={2014}
}
@inproceedings{kang2014cryptographie,
    title={Cryptographie key generation from PUF data using efficient fuzzy extractors},
    author={Kang, Hyunho and Hori, Yohei and Katashita, Toshihiro and Hagiwara, Manabu and Iwamura, Keiichi},
    booktitle={16$^\textrm{th}$ International Conference on Advanced Communication Technology (ICACT)},
    pages={23--26},
    year={2014}
}
@inproceedings{mathew2014019,
    title={A 0.19 {pJ/b} PVT-variation-tolerant hybrid physically unclonable function circuit for 100\% stable secure key generation in 22nm {CMOS}},
    author={Mathew, Sanu K and Satpathy, Sudhir K and Anders, Mark A and Kaul, Himanshu and Hsu, Steven K and Agarwal, Amit and Chen, Gregory K and Parker, Rachael J and Krishnamurthy, Ram K and De, Vivek},
    booktitle={IEEE International Solid-State Circuits Conference Digest of Technical Papers (ISSCC)},
    pages={278--279},
    year={2014}
}
@inproceedings{mathew2017energy,
    title={Energy efficient and ultra low voltage security circuits for nanoscale {CMOS} technologies},
    author={Mathew, Sanu and Satpathy, Sudhir and Suresh, Vikram and Krishnamurthy, Ram K},
    booktitle={IEEE Custom Integrated Circuits Conference (CICC)},
    pages={1--4},
    year={2017}
}
@inproceedings{mahmoodi2018breaking,
    title={Breaking {POps/J} Barrier with Analog Multiplier Circuits Based on Nonvolatile Memories},
    author={Mahmoodi, M Reza and Strukov, Dmitri},
    booktitle={Proceedings of the International Symposium on Low Power Electronics and Design},
    pages={39},
    year={2018}
}
@inproceedings{wang2015novel,
  	title={A novel true random number generator design leveraging emerging memristor technology},
  	author={Wang, Yandan and Wen, Wei and Li, Hai and Hu, Miao},
  	booktitle={Proceedings of the $25^\textrm{th}$ Edition on Great Lakes Symposium on VLSI},
  	pages={271--276},
  	year={2015}
}
@inproceedings{kim2018predictive,
    title={Predictive analysis of {3D} {ReRAM-based PUF for securing the Internet of Things}},
    author={Kim, Jeeson and Nili,  Hussein and Adam, Gina and Truong, N and Strukov, D and Kavehei, Omid},
    booktitle={IEEE Region Ten Symposium (Tensymp)},
    pages={91--94},
    year={2018}
}
@inproceedings{aman2017light,
    title={A light-weight mutual authentication protocol for {IoT} systems},
    author={Aman, Muhammad Naveed and Chua, Kee Chaing and Sikdar, Biplab},
    booktitle={IEEE Global Communications Conference (GLOBECOM)},
    pages={1--6},
    year={2017}
}
@inproceedings{maes2009soft,
    title={A soft decision helper data algorithm for {SRAM PUFs}},
  author={Maes, Roel and Tuyls, Pim and Verbauwhede, Ingrid},
    booktitle={IEEE International Symposium on Information Theory (ISIT)},
    pages={2101--2105},
    year={2009}
}
@inproceedings{suh2005design,
    title={Design and implementation of the {AEGIS} single-chip secure processor using physical random functions},
    author={Suh, G Edward and O'Donnell, Charles W and Sachdev, Ishan and Devadas, Srinivas},
    booktitle={ACM SIGARCH Computer Architecture News},
    volume={33},
    number={2},
    pages={25--36},
    year={2005}
}
@inproceedings{lu2017integrated,
    title={An integrated optical physically unclonable function using process-sensitive sub-wavelength photonic crystals in 65nm {CMOS}},
    author={Lu, Xuyang and Hong, Lingyu and Sengupta, Kaushik},
    booktitle={IEEE International Solid-State Circuits Conference (ISSCC)},
    pages={272--273},
    year={2017}
}
@inproceedings{kim2018dram,
    title={The {DRAM Latency PUF}: Quickly Evaluating Physical Unclonable Functions by Exploiting the Latency-Reliability Tradeoff in Modern Commodity {DRAM} Devices},
    author={Kim, Jeremie S and Patel, Minesh and Hassan, Hasan and Mutlu, Onur},
    booktitle={IEEE International Symposium on High Performance Computer Architecture (HPCA)},
    pages={194--207},
    year={2018}
}
@inproceedings{xu2014understanding,
    title={Understanding sources of variations in flash memory for physical unclonable functions},
    author={Xu, Sarah Q and Yu, Wing-kei and Suh, G Edward and Kan, Edwin C},
    booktitle={IEEE 6$^\textrm{th}$ International Memory Workshop (IMW)},
    pages={1--4},
    year={2014}
}
@inproceedings{cherif2012easy,
  title={An easy-to-design {PUF} based on a single oscillator: The loop {PUF}},
    author={Cherif, Zouha and Danger, Jean-Luc and Guilley, Sylvain and Bossuet, Lilian},
    booktitle={15$^\textrm{th}$ Euromicro Conference on Digital System Design (DSD)},
    pages={156--162},
    year={2012}
}
@inproceedings{mureddu2017efficient,
    title={Efficient design of Oscillator based Physical Unclonable Functions on {Flash FPGAs}},
    author={Mureddu, Ugo and Petura, Oto and Bochard, Nathalie and Bossuet, Lilian and Fischer, Viktor},
    booktitle={IEEE 2$^\textrm{nd}$ International Verification and Security Workshop (IVSW)},
    pages={146--151},
    year={2017}
}
@inproceedings{mustapa2014novel,
    title={Novel {RPM} technique to dismiss systematic variation for {RO PUF on FPGA}},
  author={Mustapa, Muslim and Niamat, Mohammed},
    booktitle={IEEE National Aerospace and Electronics Conference (NAECON)},
    pages={368--373},
    year={2014}
}
@inproceedings{merli2013localized,
    title={Localized electromagnetic analysis of {RO PUFs}},
    author={Merli, Dominik and Heyszl, Johann and Heinz, Benedikt and Schuster, Dieter and Stumpf, Frederic and Sigl, Georg},
    booktitle={IEEE International Symposium on Hardware-Oriented Security and Trust--HOST},
    pages={19--24},
    year={2013}
}
@inproceedings{yin2013design,
    title={Design and implementation of a group-based {RO PUF}},
    author={Yin, Chi-En and Qu, Gang and Zhou, Qiang},
    booktitle={Proceedings of the Conference on Design, Automation and Test in Europe},
    pages={416--421},
    year={2013}
}
@inproceedings{maiti2009physical,
    title={Physical unclonable function and true random number generator: A compact and scalable implementation},
    author={Maiti, Abhranil and Nagesh, Raghunandan and Reddy, Anand and Schaumont, Patrick},
    booktitle={Proceedings of the 19$^\textrm{th}$ ACM Great Lakes Symposium on VLSI},
    pages={425--428},
    year={2009}
}
@inproceedings{bosch2008efficient,
    title={Efficient helper data key extractor on {FPGAs}},
    author={B{\"o}sch, Christoph and Guajardo, Jorge and Sadeghi, Ahmad-Reza and Shokrollahi, Jamshid and Tuyls, Pim},
    booktitle={International Workshop on Cryptographic Hardware and Embedded Systems--CHES},
    pages={181--197},
    year={2008}
}
@inproceedings{frikken2009robust,
    title={Robust authentication using physically unclonable functions},
    author={Frikken, Keith B and Blanton, Marina and Atallah, Mikhail J},
    booktitle={International Conference on Information Security},
    pages={262--277},
    year={2009}
}
@inproceedings{bolotnyy2007physically,
    title={Physically unclonable function-based security and privacy in {RFID} systems},
    author={Bolotnyy, Leonid and Robins, Gabriel},
    booktitle={5$^\textrm{th}$ Annual IEEE International Conference on Pervasive Computing and Communications, 2007 (PerCom'07)},
    pages={211--220},
    year={2007}
}
@inproceedings{crepeau1987equivalence,
    title={Equivalence between two flavours of oblivious transfers},
    author={Cr{\'e}peau, Claude},
    booktitle={Conference on the Theory and Application of Cryptographic Techniques},
    pages={350--354},
    year={1987}
}
@inproceedings{ruhrmair2010oblivious,
    title={Oblivious transfer based on physical unclonable functions},
    author={R{\"u}hrmair, Ulrich},
    booktitle={International Conference on Trust and Trustworthy Computing},
    pages={430--440},
    year={2010}
}
@inproceedings{willsch2017implementation,
    title={Implementation of an Integrated Differential Readout Circuit for Transistor-Based Physically Unclonable Functions},
    author={Willsch, Benjamin and M{\"u}ller, Kai-Uwe and Zhang, Qi and Hauser, Julia and Dreiner, Stefan and Stanitzki, Alexander and Kappert, Holger and Kokozinski, Rainer and Vogt, Holger},
  booktitle={Austrochip Workshop on Microelectronics (Austrochip)},
    pages={58--63},
    year={2017}
}
@inproceedings{nozaki2017evaluation,
    title={Evaluation of {PLFSR PUF} with several implementation methods for {FPGA}},
  author={Nozaki, Yusuke and Ikezaki, Yoshiya and Yoshikawa, Masaya},
    booktitle={IEEE International Meeting for Future of Electron Devices, Kansai (IMFEDK)},
    pages={46--47},
    year={2017}
}
@inproceedings{wang2017current,
    title={Current mirror array: A novel lightweight strong PUF topology with enhanced reliability},
    author={Wang, Zheng and Chen, Yi and Patil, Aakash and Chang, Chip-Hong and Basu, Arindam},
    booktitle={IEEE International Symposium on Circuits and Systems (ISCAS)},
    pages={1--4},
    year={2017}
}
@inproceedings{yang2017553,
    title={A 553F$^2$ 2-transistor amplifier-based Physically Unclonable Function {(PUF)} with 1.67\% native instability},
    author={Yang, Kaiyuan and Dong, Qing and Blaauw, David and Sylvester, Dennis},
    booktitle={IEEE International Solid-State Circuits Conference (ISSCC)},
    pages={146--147},
    year={2017}
}
@inproceedings{ju2013stability,
    title={Stability analysis of a physical unclonable function based on metal resistance variations},
    author={Ju, J and Chakraborty, Ray and Lamech, Charles and Plusquellic, Jim},
    booktitle={IEEE International Symposium on Hardware-Oriented Security and Trust--HOST},
    pages={143--150},
    year={2013}
}
@inproceedings{ju2012bit,
    title={Bit string analysis of physical unclonable functions based on resistance variations in metals and transistors},
    author={Ju, Jing and Plusquellic, Jim and Chakraborty, Raj and Rad, Reza},
    booktitle={IEEE International Symposium on Hardware-Oriented Security and Trust--HOST},
    pages={13--20},
    year={2012}
}
@inproceedings{chen2011bistable,
    title={The bistable ring {PUF}: A new architecture for strong physical unclonable functions},
    author={Chen, Qingqing and Csaba, Gy{\"o}rgy and Lugli, Paolo and Schlichtmann, Ulf and R{\"u}hrmair, Ulrich},
    booktitle={IEEE International Symposium on Hardware-Oriented Security and Trust--HOST},
    pages={134--141},
    year={2011}
}
@inproceedings{ruhrmair2010security,
    title={Security applications of diodes with unique current-voltage characteristics},
    author={R{\"u}hrmair, Ulrich and Jaeger, Christian and Hilgers, Christian and Algasinger, Michael and Csaba, Gy{\"o}rgy and Stutzmann, Martin},
    booktitle={International Conference on Financial Cryptography and Data Security},
    pages={328--335},
    year={2010}
}
@inproceedings{bhargava2010attack,
    title={Attack resistant sense amplifier based {PUFs (SA-PUF)} with deterministic and controllable reliability of {PUF} responses},
    author={Bhargava, Mudit and Cakir, Cagla and Mai, Ken},
    booktitle={IEEE International Symposium on Hardware-Oriented Security and Trust--HOST},
    pages={106--111},
    year={2010}
}
@inproceedings{rosenfeld2010sensor,
    title={Sensor physical unclonable functions},
    author={Rosenfeld, Kurt and Gavas, Efstratios and Karri, Ramesh},
    booktitle={IEEE International Symposium on Hardware-Oriented Security and Trust--HOST},
    pages={112--117},
    year={2010}
}
@inproceedings{hashemian2015robust,
  	title={A robust authentication methodology using physically unclonable functions in {DRAM} arrays},
 	author={Hashemian, Maryam S and Singh, Bhanu and Wolff, Francis and Weyer, Daniel and Clay, Steve and Papachristou, Christos},
    booktitle={Design, Automation \& Test in Europe Conference \& Exhibition (DATE)},
  	pages={647--652},
  	year={2015}
}
@inproceedings{tehranipoor2015dram,
  	title={{DRAM} based intrinsic physical unclonable functions for system level security},
  	author={Tehranipoor, Fatemeh and Karimian, Nima and Xiao, Kan and Chandy, John},
  	booktitle={Proceedings of the 25$^\textrm{th}$ edition on Great Lakes Symposium on VLSI},
  	pages={15--20},
  	year={2015}
}
@inproceedings{maes2010discussion,
    title={A discussion on the Properties of Physically Unclonable Functions},
    author={Maes, Roel and Verbauwhede, Ingrid},
    booktitle={TRUST 2010 Workshop, Berlin},
    year={2010}
}
@inproceedings{tuyls2006read,
  	title={Read-proof hardware from protective coatings},
  	author={Tuyls, Pim and Schrijen, Geert-Jan and {\v{S}}kori{\'c}, Boris and Van Geloven, Jan and Verhaegh, Nynke and Wolters, Rob},
  	booktitle={International Workshop on Cryptographic Hardware and Embedded Systems--CHES},
  	pages={369--383},
 	year={2006}
}
@inproceedings{dejean2007rf,
  	title={{RF-DNA}: Radio-frequency certificates of authenticity},
  	author={DeJean, Gerald and Kirovski, Darko},
  	booktitle={International Workshop on Cryptographic Hardware and Embedded Systems--CHES},
  	pages={346--363},
  	year={2007}
}
@inproceedings{jiang2008anti,
  	title={Anti-counterfeiting using phosphor {PUF}},
  	author={Jiang, Dan and Chong, Cheun Ngen},
  	booktitle={$2^\textrm{nd}$ International Conference on Anti-counterfeiting, Security and Identification (ASID)},
  	pages={59--62},
  	year={2008}
}
@inproceedings{tuyls2005information,
  	title={Information-theoretic security analysis of physical uncloneable functions},
  	author={Tuyls, Pim and {\v{S}}kori{\'c}, Boris and Stallinga, Sjoerd and Akkermans, Anton HM and Ophey, Wil},
  	booktitle={International Conference on Financial Cryptography and Data Security},
  	pages={141--155},
  	year={2005}
}
@inproceedings{van2010hardware,
  	title={Hardware intrinsic security from {D} flip-flops},
  	author={{Van~der~Leest}, Vincent and Schrijen, Geert-Jan and Handschuh, Helena and Tuyls, Pim},
  	booktitle={Proceedings of the $5^\textrm{th}$ ACM Workshop on Scalable Trusted Computing},
  	pages={53--62},
  	year={2010}
}
@inproceedings{claes2011comparison,
  	title={Comparison of {SRAM} and {FF PUF} in 65nm technology},
  	author={Claes, Mathias and {van~der~Leest}, Vincent and Braeken, An},
  	booktitle={Nordic Conference on Secure {IT} Systems},
  	pages={47--64},
  	year={2011}
}
@inproceedings{wei2008highly,
  	title={Highly reliable {TaO}$_x$ {ReRAM} and direct evidence of redox reaction mechanism},
  	author={Wei, Zhiqiang and Kanzawa, Y and Arita, K and Katoh, Y and Kawai, K and Muraoka, S and Mitani, S and Fujii, S and Katayama, K and Iijima, M and others},
 	booktitle={IEEE International Electron Devices Meeting (IEDM)},
  	pages={1--4},
  	year={2008}
}
@inproceedings{sheu20095ns,
  	title={A 5ns fast write multi-level non-volatile 1 {K} bits {RRAM} memory with advance write scheme},
  	author={Sheu, Shyh-Shyuan and Chiang, Pei-Chia and Lin, Wen-Pin and Lee, Heng-Yuan and Chen, Pang-Shiu and Chen, Yu-Sheng and Wu, Tai-Yuan and Chen, Frederick T and Su, Keng-Li and Kao, Ming-Jer and others},
  	booktitle={Symposium on VLSI Circuits},
  	pages={82--83},
  	year={2009}
}
@inproceedings{ruhrmair2013pufs,
 	title={{PUFs} in security protocols: Attack models and security evaluations},
  	author={R{\"u}hrmair, Ulrich and van Dijk, Marten},
    booktitle={IEEE Symposium on Security and Privacy (SP)},
  	pages={286--300},
  	year={2013}
}
@inproceedings{delvaux2014secure,
  	title={Secure lightweight entity authentication with strong {PUFs}: Mission impossible?},
  	author={Delvaux, Jeroen and Gu, Dawu and Schellekens, Dries and Verbauwhede, Ingrid},
  	booktitle={International Workshop on Cryptographic Hardware and Embedded Systems--CHES},
  	pages={451--475},
  	year={2014}
}
@inproceedings{yu2014noise,
  	title={A noise bifurcation architecture for linear additive physical functions},
  	author={Yu, Meng-Day and Verbauwhede, Ingrid and Devadas, Srinivas and M'Ra\"{i}̈hi, David},
  	booktitle={IEEE International Symposium on Hardware-Oriented Security and Trust--HOST},
  	pages={124--129},
  	year={2014}
}
@inproceedings{van2012reverse,
  	title={Reverse fuzzy extractors: Enabling lightweight mutual authentication for {PUF}-enabled {RFIDs}},
  	author={Van~Herrewege, Anthony and Katzenbeisser, Stefan and Maes, Roel and Peeters, Roel and Sadeghi, Ahmad-Reza and Verbauwhede, Ingrid and Wachsmann, Christian},
  	booktitle={International Conference on Financial Cryptography and Data Security},
  	pages={374--389},
  	year={2012}
}
@inproceedings{schulz2011short,
  	title={Short paper: Lightweight remote attestation using physical functions},
  	author={Schulz, Steffen and Sadeghi, Ahmad-Reza and Wachsmann, Christian},
  	booktitle={Proceedings of the $4^\textrm{th}$ ACM Conference on Wireless Network Security},
  	pages={109--114},
  	year={2011}
}
@inproceedings{kong2014pufatt,
  	title={{PUFatt:} Embedded platform attestation based on novel processor-based {PUFs}},
  	author={Kong, Joonho and Koushanfar, Farinaz and Pendyala, Praveen K and Sadeghi, Ahmad-Reza and Wachsmann, Christian},
  	booktitle={Proceedings of the $51^\textrm{st}$ Annual Design Automation Conference},
 	pages={1--6},
  	year={2014}
}
@inproceedings{van2013inherent,
  	title={Inherent {PUFs} and secure {PRNG} on commercial off-the-shelf microcontrollers},
  	author={Van~Herrewege, Anthony and Schaller, Andr{\'e} and Katzenbeisser, Stefan and Verbauwhede, Ingrid},
  	booktitle={Proceedings of the ACM SIGSAC Conference on Computer \& Communications Security},
  	pages={1333--1336},
  	year={2013}
}
@inproceedings{rose2016designer,
  	title={A designer\rq{}s rationale for nanoelectronic hardware security primitives},
  	author={Rose, Garrett S and Uddin, Mesbah and Majumder, Md Badruddoja},
  	booktitle={IEEE Computer Society Annual Symposium on VLSI (ISVLSI)},
  	pages={194--199},
  	year={2016}
}
@inproceedings{cambou2016physically,
  	title={Physically unclonable functions with multi-states and machine learning},
  	author={Cambou, Bertrand and Afghah, Fatemeh},
  	booktitle={$14^\textrm{th}$ International Workshop on Cryptographic Architectures Embedded in Logic Devices (CryptArchi)},
  	year={2016}
}
@inproceedings{rose2017exploiting,
  	title={Exploiting Memristive Crossbar Memories as Dual-Use Security Primitives in {IoT} Devices},
  	author={Rose, Garrett S and Majumder, Md Badruddoja and Uddin, Mesbah},
  	booktitle={IEEE Computer Society Annual Symposium on VLSI (ISVLSI)},
  	pages={615--620},
  	year={2017}
}
@inproceedings{pang2017design,
  	title={Design and optimization of strong Physical Unclonable Function {(PUF)} based on {RRAM} array},
  	author={Pang, Yachuan and Wu, Huaqiang and Gao, Bin and Liu, Rui and Wang, Shan and Yu, Shimeng and Chen, An and Qian, He},
  	booktitle={International Symposium on VLSI Technology, Systems and Application (VLSI-TSA)},
  	pages={1--2},
 	year={2017}
}
@inproceedings{liu2017design,
  	title={Design and optimization of a strong {PUF} exploiting sneak paths in resistive cross-point array},
  	author={Liu, Rui and Chen, Pai-Yu and Yu, Shimeng},
  	booktitle={IEEE International Symposium on Circuits and Systems (ISCAS)},
  	pages={1--4},
  	year={2017}
}
@inproceedings{zhang2013pckgen,
  	title={{PCKGen}: A phase change memory based cryptographic key generator},
  	author={Zhang, Le and Kong, Zhi Hui and Chang, Chip-Hong},
  	booktitle={IEEE International Symposium on Circuits and Systems (ISCAS)},
  	pages={1444--1447},
  	year={2013}
}
@inproceedings{uddin2016techniques,
  	title={Techniques for improved reliability in memristive crossbar {PUF} circuits},
  	author={Uddin, Mesbah and Majumder, Md Badruddoja and Rose, Garrett S and Beckmann, Karsten and Manem, Harika and Alamgir, Zahiruddin and Cady, Nathaniel C},
  	booktitle={IEEE Computer Society Annual Symposium on VLSI (ISVLSI)},
  	pages={212--217},
  	year={2016}
}
@inproceedings{govindaraj2016strong,
  	title={A strong arbiter {PUF} using resistive {RAM} within {1T-1R} memory architecture},
  	author={Govindaraj, Rekha and Ghosh, Swaroop},
  	booktitle={IEEE $34^{th}$ International Conference on Computer Design (ICCD)},
  	pages={141--148},
  	year={2016}
}
@inproceedings{chen2015comprehensive,
  	title={Comprehensive assessment of {RRAM-based PUF} for hardware security applications},
  	author={{Chen}, An},
  	booktitle={IEEE International Electron Devices Meeting (IEDM)},
  	pages={10.7.1--4},
  	year={2015}
}
@inproceedings{wendt2011nanotechnology,
  	title={Nanotechnology-based trusted remote sensing},
  	author={Wendt, James B and Potkonjak, Miodrag},
  	booktitle={IEEE Sensors},
  	pages={1213--1216},
  	year={2011}
}
@inproceedings{wendt2013bidirectional,
  	title={The bidirectional polyomino partitioned {PPUF} as a hardware security primitive},
 	author={Wendt, James B and Potkonjak, Miodrag},
  	booktitle={IEEE Global Conference on Signal and Information Processing (GlobalSIP)},
  	pages={257--260},
  	year={2013}
}
@inproceedings{ciocchini2016bipolar,
  	title={Bipolar-switching operated phase change memory {(PCM)} for improved high-temperature reliability},
  	author={Ciocchini, Nicola and Laudato, Mario and Lacaita, Andrea L and Ielmini, Daniele and Boniardi, M and Varesi, E and Fantini, Paolo},
  	booktitle={$46^{th}$ European Solid-State Device Research Conference (ESSDERC)},
  	pages={377--380},
  	year={2016}
}
@inproceedings{le2016inherent,
  	title={Inherent stochasticity in phase-change memory devices},
  	author={Le Gallo, Manuel and Tuma, Tomas and Zipoli, Federico and Sebastian, Abu and Eleftheriou, Evangelos},
  	booktitle={$46^{th}$ European Solid-State Device Research Conference (ESSDERC)},
  	pages={373--376},
  	year={2016}
}
@inproceedings{zhang2015statistical,
  	title={Statistical analysis and design of $6${T SRAM} cell for physical unclonable function with dual application modes},
  	author={Zhang, Le and Chang, Chip-Hong and Kong, Zhi Hui and Liu, Chao Qun},
  	booktitle={IEEE International Symposium on Circuits and Systems (ISCAS)},
  	pages={1410--1413},
  	year={2015}
}
@inproceedings{zhang2014highly,
  	title={Highly reliable memory-based physical unclonable function using spin-transfer torque {MRAM}},
  	author={Zhang, Le and Fong, Xuanyao and Chang, Chip-Hong and Kong, Zhi Hui and Roy, Kaushik},
  	booktitle={IEEE International Symposium on Circuits and Systems (ISCAS)},
  	pages={2169--2172},
  	year={2014}
}
@inproceedings{zhang2014feasibility,
  	title={Feasibility study of emerging non-volatile memory based physical unclonable functions},
  	author={Zhang, Le and Fong, Xuanyao and Chang, Chip-Hong and Kong, Zhi Hui and Roy, Kaushik},
  	booktitle={IEEE 6$^{\rm th}$ International Memory Workshop (IMW)},
  	pages={1--4},
 	year={2014}
}
@inproceedings{rose2015performance,
  	title={Performance analysis of a memristive crossbar {PUF} design},
  	author={Rose, Garrett S and Meade, Chauncey A},
  	booktitle={Proceedings of the Annual Design Automation Conference (DAC)},
  	pages={75:1--6},
  	year={2015}
}
@inproceedings{das2014novel,
  	title={A novel geometry based {MRAM PUF}},
  	author={Das, Jayita and Scott, Kevin and Burgett, Drew and Rajaram, Srinath and Bhanja, Sanjukta},
  	booktitle={IEEE $14^{\rm th}$ International Conference on Nanotechnology (IEEE-NANO)},
  	pages={859--863},
  	year={2014}
}
@inproceedings{morita2007area,
  	title={An area-conscious low-voltage-oriented {8T-SRAM} design under {DVS} environment},
  	author={Morita, Yasuhiro and Fujiwara, Hidehiro and Noguchi, Hiroki and Iguchi, Yusuke and Nii, Koji and Kawaguchi, Hiroshi and Yoshimoto, Masahiko},
 	 booktitle={IEEE Symposium on VLSI Circuits,},
  	pages={256--257},
  	year={2007}
}
@inproceedings{konigsmark2014cnpuf,
  	title={{CNPUF}: A carbon nanotube-based physically unclonable function for secure low-energy hardware design},
  	author={Konigsmark, ST Choden and Hwang, Leslie K and Chen, Deming and Wong, Martin DF},
  	booktitle={$19^{th}$ Asia and South Pacific Design Automation Conference (ASP-DAC)},
  	pages={73--78},
  	year={2014}
}
@inproceedings{ruhrmair2010towards,
  	title={Towards electrical, integrated implementations of {SIMPL} systems},
  	author={R{\"u}hrmair, Ulrich and Chen, Qingqing and Stutzmann, Martin and Lugli, Paolo and Schlichtmann, Ulf and Csaba, Gy{\"o}rgy},
  	booktitle={IFIP International Workshop on Information Security Theory and Practices},
  	pages={277--292},
  	year={2010}
}
@inproceedings{simons2012buskeeper,
  	title={Buskeeper {PUFs}, a promising alternative to {D} flip-flop {PUFs}},
  	author={Simons, Peter and {van der Sluis}, Erik and {van~der~Leest}, Vincent},
  	booktitle={IEEE International Symposium on Hardware-Oriented Security and Trust--HOST},
  	pages={7--12},
  	year={2012}
}
@inproceedings{maes2008intrinsic,
  	title={Intrinsic {PUFs} from flip-flops on reconfigurable devices},
  	author={Maes, Roel and Tuyls, Pim and Verbauwhede, Ingrid},
  	booktitle={$3^{rd}$ Benelux Workshop on Information and System Security (WISSec)},
  	volume={17},
  	pages={1--17},
  	year={2008}
}
@inproceedings{su200716,
  	title={A 1.6 {pJ/bit} 96\% stable {chip-ID} generating circuit using process variations},
  	author={Su, Ying and Holleman, Jeremy and Otis, Brian},
  	booktitle={IEEE International Solid-State Circuits Conference (ISSCC)},
  	pages={406--611},
  	year={2007}
}
@inproceedings{okumura2011128,
  	title={A 128-bit chip identification generating scheme exploiting {SRAM} bitcells with failure rate of $4.45\times10^{-19}$},
  	author={Okumura, Shunsuke and Yoshimoto, Shusuke and Kawaguchi, Hiroshi and Yoshimoto, Masahiko},
  	booktitle={Proceedings of the ESSCIRC},
  	pages={527--530},
  	year={2011}
}
@inproceedings{schrijen2012comparative,
  	title={Comparative analysis of {SRAM} memories used as {PUF} primitives},
  	author={Schrijen, Geert-Jan and {van~der~Leest}, Vincent},
  	booktitle={Proceedings of the Conference on Design, Automation and Test in Europe},
  	pages={1319--1324},
  	year={2012} 
}
@inproceedings{selimis2011evaluation,
  	title={Evaluation of 90nm {6T-SRAM} as Physical Unclonable Function for secure key generation in wireless sensor nodes},
  	author={Selimis, Georgios and Konijnenburg, Mario and Ashouei, Maryam and Huisken, Jos and de Groot, Harmke and {van~der~Leest}, Vincent and Schrijen, Geert-Jan and van Hulst, Marten and Tuyls, Pim},
  	booktitle={IEEE International Symposium on Circuits and Systems (ISCAS)},
  	pages={567--570},
  	year={2011}
}
@inproceedings{hammouri2008unclonable,
  	title={Unclonable lightweight authentication scheme},
  	author={Hammouri, Ghaith and {\"O}zt{\"u}rk, Erdin{\c{c}} and Birand, Berk and Sunar, Berk},
  	booktitle={International Conference on Information and Communications Security},
  	pages={33--48},
  	year={2008}
}
@inproceedings{ozturk2008physical,
  	title={Physical unclonable function with tristate buffers},
  	author={{\"O}zt{\"u}rk, Erdin{\c{c}} and Hammouri, Ghaith and Sunar, Berk},
  	booktitle={IEEE International Symposium on Circuits and Systems (ISCAS)},
  	pages={3194--3197},
 	year={2008}
}
@inproceedings{ozturk2008towards,
  	title={Towards robust low cost authentication for pervasive devices},
  	author={{\"O}zt{\"u}rk, Erdin{\c{c}} and Hammouri, Ghaith and Sunar, Berk},
  	booktitle={$6^{\rm{th}}$ Annual IEEE International Conference on Pervasive Computing and Communications (PerCom)},
  	pages={170--178},
  	year={2008}
}
@inproceedings{yu2009towards,
 	title={Towards a unique {FPGA}-based identification circuit using process variations},
  	author={Yu, Haile and Leong, Philip Heng Wai and Hinkelmann, Heiko and Moller, L and Glesner, Manfred and Zipf, Peter},
  	booktitle={International Conference on Field Programmable Logic and Applications (FPL)},
  	pages={397--402},
  	year={2009}
}
@inproceedings{yin2010lisa,
  	title={{LISA}: Maximizing {RO PUF}\rq{}s secret extraction},
  	author={Yin, Chi-En Daniel and Qu, Gang},
  	booktitle={IEEE International Symposium on Hardware-Oriented Security and Trust--HOST},
  	pages={100--105},
  	year={2010}
}
@inproceedings{boyen2004reusable,
	title={Reusable cryptographic fuzzy extractors},
	author={Boyen, Xavier},
	booktitle={Proceedings of the 11$^{\rm th}$ ACM Conference on Computer and Communications Security},
	pages={82--91},
	year={2004}
}
@inproceedings{linnartz2003new,
	title={New shielding functions to enhance privacy and prevent misuse of biometric templates},
	author={Linnartz, Jean-Paul and Tuyls, Pim},
	booktitle={Audio-and Video-based Biometric Person Authentication},
	pages={1059--1059},
	year={2003}
}
@inproceedings{dodis2004fuzzy,
	title={Fuzzy extractors: How to generate strong keys from biometrics and other noisy data},
	author={Dodis, Yevgeniy and Reyzin, Leonid and Smith, Adam},
	booktitle={International Conference on the Theory and Applications of Cryptographic Techniques},
	pages={523--540},
	year={2004}
}
@inproceedings{morozov2010analysis,
	title={An analysis of delay based {PUF} implementations on {FPGA}},
	author={Morozov, Sergey and Maiti, Abhranil and Schaumont, Patrick},
	booktitle={International Symposium on Applied Reconfigurable Computing},
	pages={382--387},
	year={2010}
}
@inproceedings{gassend2002silicon,
   	author={Gassend, Blaise and Clarke, Dwaine and Van Dijk, Marten and Devadas, Srinivas},
   	title={Silicon physical random functions},
   	booktitle={Proceedings of the 9$^{\rm th}$ ACM Conference on Computer and Communications Security},
   	pages={148--160},
   	year={2002}
}
@inproceedings{gassend2002controlled,
	author={Gassend, Blaise and Clarke, D. and Van Dijk, M. and Devadas, S.},
	title={Controlled physical random functions},
	booktitle={Proceedings of the $18^{\rm th}$ Annual Computer Security Applications Conference (ACSAC'02)},
	year={2002},
	pages={149-160},
}
@inproceedings{wang2011spatial,
    title={Spatial data mining under Smart {Earth}},
    author={Wang, Shuliang},
    booktitle={IEEE International Conference on Granular Computing (GrC)},
    pages={717--722},
    year={2011}
}
@inproceedings{fletcher2012secure,
    title={A secure processor architecture for encrypted computation on untrusted programs},
    author={Fletcher, Christopher W and Dijk, Marten van and Devadas, Srinivas},
    booktitle={Proceedings of the $7^{\rm th}$ ACM Workshop on Scalable Trusted Computing},
    pages={3--8},
    year={2012}
}
@inproceedings{maas2013phantom,
    title={Phantom: Practical oblivious computation in a secure processor},
    author={Maas, Martin and Love, Eric and Stefanov, Emil and Tiwari, Mohit and Shi, Elaine and Asanovic, Krste and Kubiatowicz, John and Song, Dawn},
    booktitle={Proceedings of the 2013 ACM SIGSAC Conference on Computer \& Communications Security},
    pages={311--324},
    year={2013}
}
@inproceedings{hunger2015understanding,
    title={Understanding contention-based channels and using them for defense},
    author={Hunger, Casen and Kazdagli, Mikhail and Rawat, Ankit and Dimakis, Alex and Vishwanath, Sriram and Tiwari, Mohit},
    booktitle={IEEE 21$^{\rm st}$ International Symposium on High Performance Computer Architecture (HPCA)},
    pages={639--650},
    year={2015}
}
@inproceedings{kocher1999differential,
    title={Differential power analysis},
  	author={Kocher, Paul and Jaffe, Joshua and Jun, Benjamin},
  	booktitle={Annual International Cryptology Conference},
  	pages={388--397},
  	year={1999}
}
@inproceedings{tiri2005prototype,
	title={Prototype {IC} with {WDDL} and differential routing--{DPA} resistance assessment},
	author={Tiri, Kris and Hwang, David and Hodjat, Alireza and Lai, Bo-Cheng and Yang, Shenglin and Schaumont, Patrick and Verbauwhede, Ingrid},
	booktitle={International Workshop on Cryptographic Hardware and Embedded Systems--CHES},
	pages={354--365},
	year={2005}
}
@inproceedings{kim2015area,
  	title={Area performance tradeoffs in {NCL} multipliers using two-dimensional pipelining},
  	author={Kim, Matthew M and Kim, Jeeson and Beckett, Paul},
  	booktitle={International SoC Design Conference (ISOCC)},
  	pages={125--126},
  	year={2015}
}
@inproceedings{kim2015static,
  	title={Static leakage control in null convention logic standard cells in 28 nm {UTBB-FDSOI CMOS}},
  	author={Kim, Jeeson and Kim, Matthew M and Beckett, Paul},
  	booktitle={International SoC Design Conference (ISOCC)},
  	pages={99--100},
  	year={2015}
}
@inproceedings{chen2015hardware,
	author={A. Chen}, 
	booktitle={IEEE 11$^{\rm th}$ International Conference on ASIC (ASICON)}, 
	title={Hardware Security Applications of Emerging Nonvolatile Memories}, 
	year={2015}, 
	pages={1--4} 
}
@inproceedings{mathew2015murng,
    title={$\mu${RNG}: A 300--950mV 323{Gbps/W} all-digital full-entropy true random number generator in 14nm {FinFET CMOS}},
    author={Mathew, Sanu and Johnston, David and Newman, Paul and Satpathy, Sudhir and Suresh, Vikram and Anders, Mark and Kaul, Himanshu and Chen, Gregory and Agarwal, Amit and Hsu, Steven and others},
    booktitle={41$^{\rm st}$ European Solid-State Circuits Conference (ESSCIRC)},
    pages={116--119},
    year={2015}
}
@inproceedings{adam2017utilizing,
    title={Utilizing {IV} non-linearity and analog state variations in {ReRAM}-based security primitives},
    author={Adam, GC and Nili, Hussein and Kim, Jeeson and Hoskins, BD and Kavehei, Omid and Strukov, DB},
    booktitle={47$^{\rm th}$ European Solid-State Device Research Conference (ESSDERC)},
    pages={74--77},
    year={2017}
}
@inproceedings{von2007dual,
    title={Dual true random number generators for cryptographic applications embedded on a 200 million device dual {CPU SOC}},
    author={von Kaenel, Vincent and Takayanagi, Toshinari},
    booktitle={IEEE Custom Integrated Circuits Conference (CICC'07)},
    pages={269--272},
    year={2007}
}
@inproceedings{milovanovic2013fully,
	title={On fully differential and complementary single-stage self-biased {CMOS} differential amplifiers},
    author={Milovanovi{\'c}, Vladimir and Zimmermann, Horst},
    booktitle={IEEE EUROCON},
    pages={1955--1963},
    year={2013}
}
@inproceedings{zhun2001truly,
    title={A truly random number generator based on thermal noise},
    author={Zhun, Huang and Hongyi, Chen},
    booktitle={Proceedings of the $4^{\rm th}$ International Conference on ASIC},
    pages={862--864},
    year={2001}
}
@inproceedings{bohm2011microcontroller,
	title={A microcontroller {SRAM-PUF}},
    author={B{\"o}hm, Christoph and Hofer, Maximilian and Pribyl, Wolfgang},
    booktitle={5$^{\rm th}$ International Conference on Network and System Security (NSS)},
    pages={269--273},
    year={2011}
}
@inproceedings{cortez2012modeling,
	title={Modeling {SRAM} start-up behavior for Physical Unclonable Functions},
    author={Cortez, Mafalda and Dargar, Apurva and Hamdioui, Said and Schrijen, Geert-Jan},
    booktitle={IEEE International Symposium on Defect and Fault Tolerance in VLSI and Nanotechnology Systems (DFT)},
    pages={1--6},
    year={2012}
}
@inproceedings{hori2010quantitative,
	author = {Hori, Yohei and Yoshida, Takahiro and Katashita, Toshihiro and Satoh, Akashi},
    title = {Quantitative and statistical performance evaluation of arbiter physical unclonable functions on {FPGA}s},
    booktitle = {IEEE International Conference on Reconfigurable Computing and FPGAs (ReConFig)},
    pages = {298-303},
    year={2010}
}
@inproceedings{kobayashi1992current,
	title={A current-mode latch sense amplifier and a static power saving input buffer for low-power architecture},
    author={Kobayashi, Tsuguo and Nogami, Kazutaka and Shirotori, Tsukasa and Fujimoto, Yukihiro and Watanabe, Osamu},
    booktitle={Symposium on VLSI Circuits},
    pages={28--29},
    year={1992}
}
@inproceedings{gunther1987alternating,
  	title={Alternating step generators controlled by de {Bruijn} sequences},
  	author={G{\"u}nther, Christoph G},
  	booktitle={Workshop on the Theory and Application of of Cryptographic Techniques},
  	pages={5--14},
 	year={1987}
}
@inproceedings{wei2016true,
  	title={True random number generator using current difference based on a fractional stochastic model in 40-nm embedded {ReRAM}},
  	author={Wei, Z and Katoh, Y and Ogasahara, S and Yoshimoto, Y and Kawai, K and Ikeda, Y and Eriguchi, K and Ohmori, K and Yoneda, S},
  	booktitle={IEEE International Electron Devices Meeting (IEDM)},
  	pages={4--8},
  	year={2016}
}
@inproceedings{vatajelu2016security,
  	title={Security primitives ({PUF and TRNG}) with {STT-MRAM}},
  	author={Vatajelu, Elena Ioana and Di Natale, Giorgio and Prinetto, Paolo},
  	booktitle={IEEE 34$^{\rm th}$ VLSI Test Symposium (VTS)},
  	pages={1--4},
  	year={2016}
}
@inproceedings{vatajelu2015stt,
  	title={{STT MRAM}-based {PUF}s},
 	author={Vatajelu, Elena Ioana and Di Natale, Giorgio and Indaco, Marco and Prinetto, Paolo},
  	booktitle={Design, Automation \& Test in Europe Conference \& Exhibition (DATE)},
  	pages={872--875},
  	year={2015}
}
@inproceedings{ghosh2015spintronics,
  	title={Spintronics for associative computation and hardware security},
  	author={Ghosh, Swaroop and Govindaraj, Rekha},
  	booktitle={IEEE 58$^{\rm th}$ International Midwest Symposium on Circuits and Systems (MWSCAS)},
  	pages={1--4},
  	year={2015}
}
@inproceedings{bernardini2014physically,
 	title={Physically unclonable random permutations},
  	author={Bernardini, Riccardo and Rinaldo, Roberto},
  	booktitle={Proceedings of Recent Advances Electrical and Electronic Engineering},
  	pages={148--154},
  	year={2014}
}
@inproceedings{wang2013hiding,
  	title={Hiding information in flash memory},
  	author={Wang, Yinglei and Yu, Wing-kei and Xu, Sarah Q and Kan, Edwin and Suh, G Edward},
  	booktitle={IEEE Symposium on Security and Privacy (SP)},
  	pages={271--285},
  	year={2013}
}
@inproceedings{liu2016optimization,
  	title={An optimization-theoretic approach for attacking physical unclonable functions},
  	author={Liu, Yuntao and Xie, Yang and Bao, Chongxi and Srivastava, Ankur},
  	booktitle={Proceedings of the 35$^{\rm th}$ International Conference on Computer-Aided Design},
  	pages={45:1--6},
  	year={2016}
}
@inproceedings{rioul2016entropy,
  	title={On the Entropy of Physically Unclonable Functions},
  	author={Rioul, Olivier and Sol{\'e}, Patrick and Guilley, Sylvain and Danger, Jean-Luc},
  	booktitle={IEEE International Symposium on Information Theory (ISIT)},
  	pages={2928--2932},
  	year={2016}
}
@inproceedings{chen2016study,
  	title={A Study of Sorting Algorithms on Approximate Memory},
  	author={Chen, Shuang and Jiang, Shunning and He, Bingsheng and Tang, Xueyan},
  	booktitle={Proceedings of the 2016 International Conference on Management of Data},
  	pages={647--662},
  	year={2016}
}
@inproceedings{ganji2016strong,
  	title={Strong Machine Learning Attack against {PUFs} with No Mathematical Model},
  	author={Ganji, Fatemeh and Tajik, Shahin and F{\"a}{\ss}ler, Fabian and Seifert, Jean-Pierre},
  	booktitle={International Conference on Cryptographic Hardware and Embedded Systems},
  	pages={391--411},
  	year={2016}
}
@inproceedings{shiozaki2015tamper,
  	title={Tamper-resistant authentication system with side-channel attack resistant {AES and PUF using MDR-ROM}},
  	author={Shiozaki, Mitsuru and Kubota, Takaya and Nakai, Tsunato and Takeuchi, Akihiro and Nishimura, Takashi and Fujino, Takeshi},
  	booktitle={IEEE International Symposium on Circuits and Systems (ISCAS)},
  	pages={1462--1465},
  	year={2015}
}
@inproceedings{vijayakumar2016machine,
  	title={Machine learning resistant strong {PUF}: Possible or a pipe dream?},
  	author={Vijayakumar, Arunkumar and Patil, Vinay C and Prado, Charles B and Kundu, Sandip},
  	booktitle={IEEE International Symposium on Hardware-Oriented Security and Trust--HOST},
  	pages={19--24},
  	year={2016}
}
@inproceedings{wang2016exploiting,
  	title={Exploiting randomness in sketching for efficient hardware implementation of machine learning applications},
  	author={Wang, Ye and Caramanis, Constantine and Orshansky, Michael},
  	booktitle={Proceedings of the 35$^{\rm th}$ International Conference on Computer-Aided Design},
  	pages={1--8},
  	year={2016}
}
@inproceedings{ganji2015attackers,
  	title={Why attackers win: On the learnability of {XOR arbiter PUFs}},
  	author={Ganji, Fatemeh and Tajik, Shahin and Seifert, Jean-Pierre},
  	booktitle={International Conference on Trust and Trustworthy Computing},
  	pages={22--39},
  	year={2015}
}
@inproceedings{stoettinger2016there,
  	title={There ain\rq{}t no plain key: A {PUF} based first-order side-channel resistant encryption construction},
  	author={Stoettinger, Marc and Jungk, Bernhard},
  	booktitle={International Symposium on Integrated Circuits (ISIC)},
  	pages={1--4},
  	year={2016}
}
@inproceedings{wang2016ledpuf,
  	title={{LEDPUF}: stability-guaranteed physical unclonable functions through locally enhanced defectivity},
  	author={Wang, Wei-Che and Yona, Yair and Diggavi, Suhas and Gupta, Puneet},
  	booktitle={IEEE International Symposium on Hardware-Oriented Security and Trust--HOST},
  	pages={25--30},
  	year={2016}
}
@inproceedings{ye2016rpuf,
  	title={{RPUF}: Physical unclonable function with Randomized Challenge to resist modeling attack},
  	author={Ye, Jing and Hu, Yu and Li, Xiaowei},
  	booktitle={IEEE Asian Hardware-Oriented Security and Trust (AsianHOST)},
  	pages={1--6},
  	year={2016}
}
@inproceedings{miao2016lrr,
  	title={{LRR-DPUF}: Learning resilient and reliable digital physical unclonable function},
  	author={Miao, Jin and Li, Meng and Roy, Subhendu and Yu, Bei},
  	booktitle={Proceedings of the 35$^{\rm th}$ International Conference on Computer-Aided Design},
  	pages={1--8},
  	year={2016}
}
@inproceedings{stanciu2016novel,
  	title={A novel {PUF}-based encryption protocol for embedded System on Chip},
  	author={Stanciu, Alexandra and Moldoveanu, Florin Dumitru and Cirstea, Marcian},
  	booktitle={International Conference on Development and Application Systems (DAS)},
  	pages={158--165},
  	year={2016}
}
@inproceedings{sudhanya2016study,
  	title={Study of different silicon Physical Unclonable Functions},
  	author={Sudhanya, P and Krishnammal, P Muthu},
  	booktitle={International Conference on Wireless Communications, Signal Processing and Networking (WiSPNET)},
  	pages={81--85},
  	year={2016}
}
@inproceedings{jeon2016circuit,
  	title={Circuit design of physical unclonable function for security applications in standard {CMOS} technology},
  	author={Jeon, Duhyun and Choi, Byong-Deok},
  	booktitle={IEEE International Conference on Electron Devices and Solid-State Circuits (EDSSC)},
  	pages={86--90},
  	year={2016}
}
@inproceedings{karpinskyy20168,
  	title={{8.7 Physically} unclonable function for secure key generation with a key error rate of {2E-38} in 45nm smart-card chips},
  	author={Karpinskyy, Bohdan and Lee, Yongki and Choi, Yunhyeok and Kim, Yongsoo and Noh, Mijung and Lee, Sanghyun},
  	booktitle={IEEE International Solid-State Circuits Conference (ISSCC)},
  	pages={158--160},
  	year={2016}
}
@inproceedings{chen2016efficient,
  	title={An efficient framework for configurable {RO PUF}},
  	author={Chen, Zhuwei and Cai, Yici and Zhou, Qiang and Qu, Gang},
  	booktitle={IEEE International Symposium on Circuits and Systems (ISCAS)},
  	pages={742--745},
  	year={2016}
}
@inproceedings{ogasahara2016implementation,
  	title={Implementation of pseudo linear feedback shift register physical unclonable function on silicon},
  	author={Ogasahara, Yasuhiro and Hori, Yohei and Koike, Hanpei},
  	booktitle={ IEEE International Symposium on Circuits and Systems (ISCAS)},
  	pages={758--761},
 	year={2016}
}
@inproceedings{kumar2016challenge,
  	title={Challenge-response generation using {RO-PUF} with reduced hardware},
  	author={Kumar, Abhishek and Mishra, Ravi Shankar and Kashwan, KR},
  	booktitle={International Conference on Advances in Computing, Communications and Informatics (ICACCI)},
  	pages={1305--1308},
  	year={2016}
}
@inproceedings{yanambaka2016secure,
  	title={Secure Multi-key Generation Using Ring Oscillator Based Physical Unclonable Function},
  	author={Yanambaka, Venkata P and Mohanty, Saraju P and Kougianos, Elias and Singh, Jawar},
  	booktitle={IEEE International Symposium on Nanoelectronic and Information Systems (iNIS)},
  	pages={200--205},
  	year={2016}
}
@inproceedings{amsaad2016novel,
  	title={A novel security technique to generate truly random and highly reliable reconfigurable {ROPUF}-based cryptographic keys},
  	author={Amsaad, Fathi and Prasad, Atul and Roychaudhuri, Chayanika and Niamat, Mohammed},
  	booktitle={IEEE International Symposium on Hardware-Oriented Security and Trust--HOST},
  	pages={185--190},
  	year={2016}
}
@inproceedings{halak2015area,
  	title={Area efficient configurable physical unclonable functions for {FPGA}s identification},
  	author={Halak, Basel and Hu, Yizhong and Mispan, Mohd Syafiq},
  	booktitle={IEEE International Symposium on Circuits and Systems (ISCAS)},
  	pages={946--949},
  	year={2015}
}
@inproceedings{barbareschi2015authenticating,
  	title={Authenticating {IoT} Devices with Physically Unclonable Functions Models},
  	author={Barbareschi, Mario and Bagnasco, Pierpaolo and Mazzeo, Antonino},
  	booktitle={10$^{\rm th}$ International Conference on P2P, Parallel, Grid, Cloud and Internet Computing (3PGCIC)},
  	pages={563--567},
  	year={2015}
}
@inproceedings{rahman2015pair,
  	title={A pair selection algorithm for robust {RO-PUF} against environmental variations and aging},
  	author={Rahman, Md Tauhidur and Forte, Domenic and Rahman, Fahim and Tehranipoor, Mark},
  	booktitle={33$^{\rm rd}$ IEEE International Conference on Computer Design (ICCD)},
  	pages={415--418},
  	year={2015}
}
@inproceedings{gehrer2015aging,
  	title={Aging effects on ring-oscillator-based physical unclonable functions on {FPGAs}},
  	author={Gehrer, Stefan and Leger, Sebastien and Sigl, Georg},
  	booktitle={ International Conference on ReConFigurable Computing and FPGAs (ReConFig)},
  	pages={1--6},
    year={2015}
}
@inproceedings{stanciu2015pseudo,
  	title={Pseudo-random generator using {PUF} circuits and Salsa stream cipher},
  	author={Stanciu, Alexandra and Craciun, Adrian Virgil and Moldoveanu, Florin Dumitru},
  	booktitle={IEEE 21$^{\rm st}$ International Symposium for Design and Technology in Electronic Packaging (SIITME)},
  	pages={345--348},
  	year={2015}
}
@inproceedings{wallrabenstein2015implementing,
  	title={Implementing authentication systems based on physical unclonable functions},
  	author={Wallrabenstein, John Ross},
  booktitle={IEEE Trustcom/BigDataSE/ISPA},
  	volume={1},
  	pages={790--796},
  	year={2015}
}
@inproceedings{wei2015boardpuf,
 	 title={Board{PUF}: Physical Unclonable Functions for printed circuit board authentication},
  	author={Wei, Lingxiao and Song, Chaosheng and Liu, Yannan and Zhang, Jie and Yuan, Feng and Xu, Qiang},
  	booktitle={Proceedings of the IEEE/ACM International Conference on Computer-Aided Design},
  	pages={152--158},
  	year={2015}
}
@inproceedings{scheel2015characterizing,
  	title={Characterizing composite user-device touchscreen physical unclonable functions ({PUF}s) for mobile device authentication},
  	author={Scheel, Ryan A and Tyagi, Akhilesh},
  	booktitle={Proceedings of the 5$^{\rm th}$ International Workshop on Trustworthy Embedded Devices},
  	pages={3--13},
  	year={2015}
}
@inproceedings{maiti2011impact,
  	title={The impact of aging on an {FPGA}-based physical unclonable function},
  	author={Maiti, Abhranil and McDougall, Logan and Schaumont, Patrick},
  	booktitle={International Conference on Field Programmable Logic and Applications (FPL)},
 	pages={151--156},
  	year={2011}
}
@inproceedings{majzoobi2011ultra,
  	title={Ultra-low power current-based {PUF}},
  	author={Majzoobi, Mehrdad and Ghiaasi, Golsa and Koushanfar, Farinaz and Nassif, Sani R},
    booktitle={IEEE International Symposium on Circuits and Systems (ISCAS)},
  	pages={2071--2074},
  	year={2011}
}
@inproceedings{bhargava2013high,
  	title={A high reliability {PUF} using hot carrier injection based response reinforcement},
  	author={Bhargava, Mudit and Mai, Ken},
  	booktitle={International Workshop on Cryptographic Hardware and Embedded Systems--CHES},
  	pages={90--106},
  	year={2013}
}
@inproceedings{kumar2013litho,
	title={Litho-aware and low power design of a secure current-based physically unclonable function},
    author={Kumar, Raghavan and Burleson, Wayne},
  	booktitle={Proceedings of the 2013 International Symposium on Low Power Electronics and Design},
  	pages={402--407},
  	year={2013}
}
@inproceedings{anderson2010puf,
  	title={A {PUF} design for secure {FPGA}-based embedded systems},
  	author={Anderson, Jason H},
  	booktitle={Proceedings of the 2010 Asia and South Pacific Design Automation Conference},
  	pages={1--6},
  	year={2010}
}
@inproceedings{takeuchi2016measurement,
  	title={Measurement of {SRAM} power-up state for {PUF} applications using an addressable {SRAM} cell array test structure},
  	author={Takeuchi, Kiyoshi and Mizutani, Tomoko and Saraya, Takuya and Kobayashi, Masaharu and Hiramoto, Toshiro and Shinohara, Hirofumi},
  	booktitle={International Conference on Microelectronic Test Structures (ICMTS) },
  	pages={130--134},
  	year={2016}
}
@inproceedings{holcomb2012drv,
  	title={{DRV}-fingerprinting: Using data retention voltage of {SRAM} cells for chip identification},
  	author={Holcomb, Daniel E and Rahmati, Amir and Salajegheh, Mastooreh and Burleson, Wayne P and Fu, Kevin},
  	booktitle={International Workshop on Radio Frequency Identification: Security and Privacy Issues},
  	pages={165--179},
  	year={2012}
}
@inproceedings{bernardini2014helper,
  	title={Helper-less physically unclonable functions and chip authentication},
  	author={Bernardini, Riccardo and Rinaldo, Roberto},
  	booktitle={IEEE International Conference on Acoustics, Speech and Signal Processing (ICASSP)},
  	pages={8193--8197},
  	year={2014}
}
@inproceedings{wild2014enabling,
  	title={Enabling {SRAM-PUFs on Xilinx FPGAs}},
  	author={Wild, Alexander and G{\"u}neysu, Tim},
  	booktitle={24$^{\rm th}$ International Conference on Field Programmable Logic and Applications (FPL)},
  	pages={1--4},
  	year={2014}
}
@inproceedings{barbareschi2015testing,
  	title={Testing 90 nm microcontroller {SRAM PUF} quality},
  	author={Barbareschi, Mario and Battista, Ermanno and Mazzeo, Antonino and Mazzocca, Nicola},
  	booktitle={10$^{\rm th}$ International Conference on Design \& Technology of Integrated Systems in Nanoscale Era (DTIS)},
  	pages={1--6},
  	year={2015}
}
@inproceedings{neale2015low,
  	title={A low energy {SRAM}-based physically unclonable function primitive in $28$ nm {CMOS}},
  	author={Neale, Adam and Sachdev, Manoj},
  	booktitle={IEEE Custom Integrated Circuits Conference (CICC)},
  	pages={1--4},
  	year={2015}
}
@inproceedings{aysu2015end,
  	title={End-to-end design of a {PUF}-based privacy preserving authentication protocol},
  	author={Aysu, Aydin and Gulcan, Ege and Moriyama, Daisuke and Schaumont, Patrick and Yung, Moti},
  	booktitle={International Workshop on Cryptographic Hardware and Embedded Systems--CHES},
  	pages={556--576},
  	year={2015}
}
@inproceedings{li2016enhancing,
  	title={Enhancing {TPM} Security by Integrating {SRAM PUF}s Technology},
  	author={Li, Dong and Guo, Huaqun and Xu, Jia},
  	booktitle={Proceedings of the 2$^{\rm nd}$ ACM International Workshop on Cyber-Physical System Security},
  	pages={82--93},
  	year={2016}
}
@inproceedings{marchand2016design,
  	title={Design and Characterization of the {TERO-PUF} on {SRAM FPGA}s},
  	author={Marchand, C{\'e}dric and Bossuet, Lilian and Cherkaoui, Abdelkarim},
  	booktitle={IEEE Computer Society Annual Symposium on VLSI (ISVLSI)},
  	pages={134--139},
  	year={2016}
}
@inproceedings{van2013anti,
  	title={Anti-counterfeiting with hardware intrinsic security},
  	author={{van~der~Leest}, Vincent and Tuyls, Pim},
  	booktitle={Design, Automation \& Test in Europe Conference \& Exhibition (DATE)},
  	pages={1137--1142},
  	year={2013}
}
@inproceedings{zhao2013research,
  	title={Research on data security technology in {Internet of Things}},
  	author={Zhao, Yan Ling},
  	booktitle={Applied Mechanics and Materials},
  	volume={433},
  	pages={1752--1755},
  	year={2013}
}
@inproceedings{qu2014design,
  	title={Design {THINGS} for the {Internet of Things}: An {EDA} perspective},
  	author={Qu, Gang and Yuan, Lin},
  	booktitle={Proceedings of the IEEE/ACM International Conference on Computer-Aided Design},
  	pages={411--416},
  	year={2014}
}
@inproceedings{figliolia2016true,
  	title={A true Random Number Generator using {RTN} noise and a sigma delta converter},
  	author={Figliolia, Tomas and Julian, P and Tognetti, Gaspar and Andreou, Andreas G},
  	booktitle={IEEE International Symposium on Circuits and Systems (ISCAS)},
  	pages={17--20},
  	year={2016}
}
@inproceedings{balatti2014voltage,
  	title={Voltage-dependent random telegraph noise {(RTN)} in {HfO}$_x$ resistive {RAM}},
  	author={Balatti, Simone and Ambrogio, Stefano and Cubeta, Antonio and Calderoni, Alessandro and Ramaswamy, Nirmal and Ielmini, Daniele},
  	booktitle={IEEE International Reliability Physics Symposium},
  	pages={MY.4.1-6},
  	year={2014}
}
@inproceedings{karam2016security,
  	title={Security Primitive Design with Nanoscale Devices: A Case Study with Resistive {RAM}},
  	author={Karam, Robert and Liu, Rui and Chen, Pai-Yu and Yu, Shimeng and Bhunia, Swarup},
  	booktitle={Proceedings of the Great Lakes Symposium on VLSI},
  	pages={299--304},
  	year={2016}
}
@inproceedings{ambrogio2014impact,
  	title={Impact of low-frequency noise on read distributions of resistive switching memory {(RRAM)}},
  	author={Ambrogio, S and Balatti, S and McCaffrey, V and Wang, D and Ielmini, D},
  	booktitle={IEEE International Electron Devices Meeting (IEDM)},
  	pages={14.4.1-4},
  	year={2014}
}
@inproceedings{lee2014lightweight,
  	title={A lightweight authentication protocol for {Internet of Things}},
  	author={Lee, Jun-Ya and Lin, Wei-Cheng and Huang, Yu-Hung},
  	booktitle={International Symposium on Next-Generation Electronics (ISNE)},
  	pages={1--2},
  	year={2014}
}
@inproceedings{maiti2009improving,
  	title={Improving the quality of a physical unclonable function using configurable ring oscillators},
  	author={Maiti, Abhranil and Schaumont, Patrick},
  	booktitle={International Conference on Field Programmable Logic and Applications},
  	pages={703--707},
  	year={2009}
}
@inproceedings{yang2015protecting,
  	title={Protecting endpoint devices in {IoT} supply chain},
  	author={Yang, Kun and Forte, Domenic and Tehranipoor, Mark M},
  	booktitle={Proceedings of the IEEE/ACM International Conference on Computer-Aided Design},
  	pages={351--356},
  	year={2015}
}
@inproceedings{xuan2015configurable,
  	title={A configurable {SoC} design for information security},
  	author={Xuan, Sizhong and Han, Jun and Yu, Zhiyi and Ren, Yi and Zeng, Xiaoyang},
  	booktitle={IEEE 11$^{\rm th}$ International Conference on ASIC (ASICON)},
  	pages={1--4},
  	year={2015}
}
@inproceedings{konstantinou2015cyber,
  	title={Cyber-physical systems: A security perspective},
  	author={Konstantinou, Charalambos and Maniatakos, Michail and Saqib, Fareena and Hu, Shiyan and Plusquellic, Jim and Jin, Yier},
  	booktitle={20$^{\rm th}$ IEEE European Test Symposium (ETS)},
  	pages={1--8},
  	year={2015}
}
@inproceedings{guo2016zero,
  	title={A zero-cost approach to detect recycled {SoC} chips using embedded {SRAM}},
  	author={Guo, Zimu and Rahman, Md Tauhidur and Tehranipoor, Mark M and Forte, Domenic},
  	booktitle={IEEE International Symposium on Hardware-Oriented Security and Trust--HOST},
  	pages={191--196},
  	year={2016}
}
@inproceedings{helinski2016electronic,
  	title={Electronic forensic techniques for manufacturer attribution},
  	author={Helinski, Ryan L and Cole, Edward I and Robertson, Gideon and Woodbridge, Jonathan and Pierson, Lyndon G},
  	booktitle={IEEE International Symposium on Hardware-Oriented Security and Trust--HOST},
  	pages={139--144},
  	year={2016}
}
@inproceedings{mcdonald2016functional,
 	title={Functional polymorphism for intellectual property protection},
 	author={McDonald, Jeffrey T and Kim, Yong C and Andel, Todd R and Forbes, Miles A and McVicar, James},
  	booktitle={IEEE International Symposium on Hardware-Oriented Security and Trust--HOST},
  	pages={61--66},
  	year={2016}
}
@inproceedings{yang2016ucr,
  	title={{UCR}: An unclonable chipless {RFID} tag},
  	author={Yang, Kun and Forte, Domenic and Tehranipoor, Mark M},
  	booktitle={IEEE International Symposium on Hardware-Oriented Security and Trust--HOST},
  	pages={7--12},
  	year={2016}
}
@inproceedings{aldroubi2016towards,
  	title={Towards clone-resistant building structures},
  	author={Aldroubi, Souher and Ida, Wael Adi},
  	booktitle={International Conference on Industrial Informatics and Computer Systems (CIICS)},
  	pages={1--6},
  	year={2016}
}
@inproceedings{obeng2016hardware,
  	title={Hardware security through chain assurance},
  	author={Obeng, Yaw and Nolan, Colm and Brown, David},
  	booktitle={Proceedings of the 2016 Conference on Design, Automation \& Test in Europe},
  	pages={1535--1537},
  	year={2016}
}
@inproceedings{huth2016secure,
  	title={Secure software update and {IP} protection for untrusted devices in the {Internet of Things} via physically unclonable functions},
 	author={Huth, Christopher and Duplys, Paul and G{\"u}neysu, Tim},
  	booktitle={IEEE International Conference on Pervasive Computing and Communication Workshops (PerCom Workshops)},
  	pages={1--6},
  	year={2016}
}
@inproceedings{aysu2016design,
  	title={A design method for remote integrity checking of complex {PCBs}},
  	author={Aysu, Aydin and Gaddam, Shravya and Mandadi, Harsha and Pinto, Carol and Wegryn, Luke and Schaumont, Patrick},
  	booktitle={Design, Automation \& Test in Europe Conference \& Exhibition (DATE)},
  	pages={1517--1522},
  	year={2016}
}
@inproceedings{cilardo2016securing,
  	title={Securing the cloud with reconfigurable computing: {An FPGA} accelerator for homomorphic encryption},
  	author={Cilardo, Alessandro and Argenziano, Domenico},
  	booktitle={Design, Automation \& Test in Europe Conference \& Exhibition (DATE)},
  	pages={1622--1627},
  	year={2016}
}
@inproceedings{burleson2016invited,
  	title={Invited: Who is the major threat to tomorrow\rq{}s security? {You}, the hardware designer},
  	author={Burleson, Wayne and Mutlu, Onur and Tiwari, Mohit},
  	booktitle={53$^{\rm rd}$ ACM/EDAC/IEEE Design Automation Conference (DAC)},
  	pages={1--5},
  	year={2016}
}
@inproceedings{waidner2016security,
  	title={Security in industrie 4.0: Challenges and solutions for the fourth industrial revolution},
  	author={Waidner, Michael and Kasper, Michael},
  	@title={Proceedings of the 2016 Conference on Design, Automation \& Test in Europe},
  	pages={1303--1308},
  	year={2016}
}
@inproceedings{che2015puf,
  	title={{PUF}-based authentication},
  	author={Che, Wenjie and Saqib, Fareena and Plusquellic, Jim},
  	booktitle={IEEE/ACM International Conference on Computer-Aided Design (ICCAD)},
  	pages={337--344},
  	year={2015}
}
@inproceedings{wang2012flash,
  	title={Flash memory for ubiquitous hardware security functions: True random number generation and device fingerprints},
  	author={Wang, Yinglei and Yu, Wing-kei and Wu, Shuo and Malysa, Greg and Suh, G Edward and Kan, Edwin C},
  	booktitle={IEEE Symposium on Security and Privacy (SP)},
  	pages={33--47},
  	year={2012}
}
@inproceedings{cambou2016puf,
  	title={{PUF} designed with Resistive {RAM} and Ternary States},
  	author={Cambou, Bertrand and Orlowski, Marius},
  	booktitle={Proceedings of the 11$^{\rm th}$ Annual Cyber and Information Security Research Conference},
  	pages={1--8},
  	year={2016}
}
@inproceedings{sutar2016d,
  	title={{D-PUF}: An intrinsically reconfigurable {DRAM PUF} for device authentication in embedded systems},
  	author={Sutar, Soubhagya and Raha, Arnab and Raghunathan, Vijay},
  	booktitle={International Conference on Compliers, Architectures, and Synthesis of Embedded Systems (CASES)},
  	pages={1--10},
  	year={2016}
}
@inproceedings{chatterjee2016memristor,
  	title={Memristor based arbiter {PUF}: Cryptanalysis threat and its mitigation},
  	author={Chatterjee, Urbi and Chakraborty, Rajat Subhra and Mathew, Jimson and Pradhan, Dhiraj K},
  	booktitle={29$^{\rm th}$ International Conference on VLSI Design and 15$^{\rm th}$ International Conference on Embedded Systems (VLSID)},
  	pages={535--540},
  	year={2016}
}
@inproceedings{liu2016highly,
  	title={A highly reliable and tamper-resistant {RRAM PUF}: Design and experimental validation},
  	author={Liu, Rui and Wu, Huaqiang and Pang, Yachun and Qian, He and Yu, Shimeng},
 	booktitle={IEEE International Symposium on Hardware-Oriented Security and Trust--HOST},
  	pages={13--18},
  	year={2016}
}
@inproceedings{shrivastava2016design,
  	title={Design of a reliable {RRAM-based PUF} for compact hardware security primitives},
  	author={Shrivastava, Ayush and Chen, Pai-Yu and Cao, Yu and Yu, Shimeng and Chakrabarti, Chaitali},
	booktitle={IEEE International Symposium on Circuits and Systems (ISCAS)},
  	pages={2326--2329},
  	year={2016}
}
@inproceedings{potteiger2015one,
  	title={A one Zener diode, one memristor crossbar architecture for a write-time-based {PUF}},
  	author={Potteiger, Timothy and Robinson, William H},
  	booktitle={IEEE 58$^{\rm th}$ International Midwest Symposium on Circuits and Systems (MWSCAS)},
  	pages={1--4},
	year={2015}
}
@inproceedings{eichhorn2011logically,
  	title={Logically reconfigurable {PUFs}: Memory-based secure key storage},
  	author={Eichhorn, Ilze and Koeberl, Patrick and {van~der~Leest}, Vincent},
  	booktitle={Proceedings of the 6$^{\rm th}$ ACM Workshop on Scalable Trusted Computing},
	pages={59--64},
  	year={2011}
}
@inproceedings{kursawe2009reconfigurable,
  	title={Reconfigurable physical unclonable functions-enabling technology for tamper-resistant storage},
  	author={Kursawe, Klaus and Sadeghi, Ahmad-Reza and Schellekens, Dries and Skoric, Boris and Tuyls, Pim},
  	booktitle={IEEE International Workshop on Hardware-Oriented Security and Trust},
  	pages={22--29},
  	year={2009}
}
@inproceedings{maes2012pufky,
  	title={{PUFKY}: A fully functional {PUF}-based cryptographic key generator},
  	author={Maes, Roel and Van Herrewege, Anthony and Verbauwhede, Ingrid},
  	booktitle={International Workshop on Cryptographic Hardware and Embedded Systems--CHES},
  	pages={302--319},
 	year={2012}
}
@inproceedings{ranasinghe2004security,
  	title={Security and privacy: Modest proposals for low-cost {RFID} systems},
  	author={Ranasinghe, Damith C and Engels, Daniel and Cole, Peter},
  	booktitle={Auto-ID Labs Research Workshop},
  	year={2004},
    pages={15:1--7}  
}
@inproceedings{gaba2014memristive,
  	title={Memristive devices for stochastic computing},
  	author={Gaba, Siddharth and Knag, Phil and Zhang, Zhengya and Lu, Wei},
  	booktitle={IEEE International Symposium on Circuits and Systems (ISCAS)},
  	pages={2592--2595},
  	year={2014}
}
@inproceedings{srivastava2015unsupervised,
  	title={Unsupervised Learning of Video Representations using {LSTM}s},
  	author={Srivastava, Nitish and Mansimov, Elman and Salakhutdinov, Ruslan},
  	booktitle={32$^{\rm nd}$ International Conference on Machine Learning (ICML)},
  	pages={843--852},
  	year={2015}
}
@inproceedings{yang201416,
  	title={A {23Mb/s 23pJ/b} fully synthesized true-random-number generator in 28nm and 65nm {CMOS}},
  	author={Yang, Kaiyuan and Fick, David and Henry, Michael B and Lee, Yoonmyung and Blaauw, David and Sylvester, Dennis},
  	booktitle={IEEE International Solid-State Circuits Conference Digest of Technical Papers (ISSCC)},
  	pages={280--281},
  	year={2014}
}
@inproceedings{torii2016evaluation,
  	title={Evaluation of Latch-based Physical Random Number Generator Implementation on 40 nm {ASICs}},
  	author={Torii, Naoya and Yamamoto, Dai and Matsumoto, Tsutomu},
  	booktitle={Proceedings of the International Workshop on Trustworthy Embedded Devices},
  	pages={23--30},
  	year={2016}
}
@inproceedings{ben2013stochastic,
  	title={Stochastic model of a metastability-based true random number generator},
  	author={Ben-Romdhane, Molka and Graba, Tarik and Danger, Jean-Luc},
  	booktitle={International Conference on Trust and Trustworthy Computing},
  	pages={92--105},
  	year={2013}
}
@inproceedings{kuan20140,
  	title={A 0.43 {pJ}/bit true random number generator},
  	author={Kuan, Ting-Kuei and Chiang, Yu-Hsuan and Liu, Shen-Iuan},
  	booktitle={IEEE Asian Solid-State Circuits Conference (A-SSCC)},
  	pages={33--36},
  	year={2014}
}
@inproceedings{amaki2013process,
  	title={A process and temperature tolerant oscillator-based true random number generator with dynamic $0/1$ bias correction},
  	author={Amaki, Takehiko and Hashimoto, Masanori and Onoye, Takao},
  	booktitle={IEEE Asian Solid-State Circuits Conference (A-SSCC)},
  	pages={133--136},
  	year={2013}
}
@inproceedings{satpathy2016ultra,
  	title={Ultra-low energy security circuits for {IoT} applications},
  	author={Satpathy, Sudhir and Mathew, Sanu and Suresh, Vikram and Krishnamurthy, Ram},
  	booktitle={IEEE International Conference on Computer Design (ICCD)},
  	pages={682--685},
  	year={2016}
}
@inproceedings{onizawa2016redundant,
  	title={Redundant {STT-MTJ-based} nonvolatile flip-flops for low write-error-rate operations},
  	author={Onizawa, Naoya and Hanyu, Takahiro},
  	booktitle={IEEE International New Circuits and Systems Conference (NEWCAS)},
  	pages={1--4},
  	year={2016}
}
@inproceedings{cartagena2016fully,
  	title={A fully-synthesized {TRNG} with lightweight cellular-automata based post-processing stage in $130$nm {CMOS}},
  	author={Cartagena, Juan and Gomez, Hector and Roa, Elkim},
  	booktitle={IEEE Nordic Circuits and Systems Conference (NORCAS)},
  	pages={1--5},
  	year={2016}
}
@inproceedings{puglisi2015microscopic,
  	title={A microscopic physical description of {RTN} current fluctuations in {HfO}$_x${ RRAM}},
  	author={Puglisi, Francesco Maria and Pavan, Paolo and Vandelli, Luca and Padovani, Andrea and Bertocchi, Matteo and Larcher, Luca},
  	booktitle={IEEE International Reliability Physics Symposium},
  	pages={5B.5.1--6},
  	year={2015}
}
@inproceedings{kim201682nw,
  	title={A $82$n{W} chaotic-map true random number generator based on sub-ranging {SAR ADC}},
  	author={Kim, Minseo and Ha, Unsoo and Lee, Yongsu and Lee, Kyuho and Yoo, Hoi-Jun},
  	booktitle={42$^{\rm nd}$ European Solid-State Circuits Conference, ESSCIRC},
  	pages={157--160},
  	year={2016}
}
@inproceedings{dongaonkar2016random,
  	title={Random telegraph noise ({RTN}) in $14$nm logic technology: High volume data extraction and analysis},
  	author={Dongaonkar, S and Giles, MD and Kornfeld, A and Grossnickle, B and Yoon, J},
  	booktitle={IEEE Symposium on VLSI Technology},
  	pages={1--2},
  	year={2016}
}
@inproceedings{calderoni2014performance,
  	title={Performance comparison of {O}-based and {Cu}-based {ReRAM} for high-density applications},
  	author={Calderoni, Alessandro and Sills, Scott and Ramaswamy, Nirmal},
  	booktitle={IEEE 6$^{\rm th}$ International Memory Workshop (IMW)},
  	pages={1--4},
  	year={2014}
}
@inproceedings{gerrer2013interplay,
  	title={Interplay between statistical reliability and variability: A comprehensive transistor-to-circuit simulation technology},
  	author={Gerrer, L and Amoroso, SM and Asenov, P and Ding, J and Cheng, B and Adamu-Lema, F and Markov, S and Asenov, A and Reid, D and Millar, C},
  	booktitle={IEEE International Reliability Physics Symposium (IRPS)},
    pages={3A.2.1--5},
  	year={2013}
}
@inproceedings{raghavan2013microscopic,
  	title={Microscopic origin of random telegraph noise fluctuations in aggressively scaled {RRAM} and its impact on read disturb variability},
  	author={Raghavan, Naga and Degraeve, Robin and Fantini, Andrea and Goux, Ludovic and Strangio, Sebastiano and Govoreanu, Bogdan and Wouters, DJ and Groeseneken, Guido and Jurczak, Malgorzata},
  	booktitle={IEEE International Reliability Physics Symposium (IRPS)},
  	pages={5E.3.1--7},
  	year={2013}
}
@inproceedings{veksler2012methodology,
  	title={Methodology for the statistical evaluation of the effect of random telegraph noise ({RTN}) on {RRAM} characteristics},
  	author={Veksler, D and Bersuker, G and Chakrabarti, B and Vogel, E and Deora, S and Matthews, K and Gilmer, DC and Li, H-F and Gausepohl, S and Kirsch, PD},
  	booktitle={IEEE International Electron Devices Meeting (IEDM)},
  	pages={9.6.1--4},
  	year={2012}
}
@inproceedings{tuinhout2012very,
  	title={Very low frequency noise characterization of semiconductor devices using {DC} parameter analyzers},
  	author={Tuinhout, Hans and Zegers-van Duijnhoven, Adrie and Heringa, Anco},
  	booktitle={IEEE International Conference on Microelectronic Test Structures},
  	pages={175--180},
  	year={2012}
}
@inproceedings{jhang2004random,
  	title={Random Telegraph Noise in Individual Single-walled Carbon Nanotubes},
  	author={Jhang, SungHo and Lee, SangWook and Lee, DongSu and Campbell, Eleanor EB and Roth, Siegmar and Park, YungWoo},
  	booktitle={MRS Proceedings},
  	volume={858},
 	pages={HH8--5},
  	year={2004}
}
@inproceedings{lampert2016robust,
	title={Robust, low-cost, auditable random number generation for embedded system security},
  	author={Lampert, Ben and Wahby, Riad S and Leonard, Shane and Levis, Philip},
  	booktitle={Proceedings of the 14$^{\rm th}$ ACM Conference on Embedded Network Sensor Systems CD-ROM},
  	pages={16--27},
  	year={2016}
}
@inproceedings{tega2006anomalously,
  	title={Anomalously large threshold voltage fluctuation by complex random telegraph signal in floating gate flash memory},
  	author={Tega, Naoki and Miki, Hiroshi and Osabe, Taro and Kotabe, Akira and Otsuga, Kazuo and Kurata, Hideaki and Kamohara, Shiro and Tokami, Kenji and Ikeda, Yoshihiro and Yamada, Renichi},
  	booktitle={International Electron Devices Meeting},
  	pages={1--4},
  	year={2006}
}
@inproceedings{tega2009increasing,
  	title={Increasing threshold voltage variation due to random telegraph noise in {FETs} as gate lengths scale to $20$ nm},
  	author={Tega, N and Miki, H and Pagette, F and Frank, DJ and Ray, A and Rooks, MJ and Haensch, W and Torii, K},
  	booktitle={Symposium on VLSI Technology},
  	pages={50--51},
  	year={2009},
}
@inproceedings{luo2011algorithmic,
  	title={Algorithmic collision analysis for evaluating cryptographic systems and side-channel attacks},
  	author={Luo, Qiasi and Fei, Yunsi},
  	booktitle={IEEE International Symposium on Hardware-Oriented Security and Trust--HOST},
  	pages={75--80},
  	year={2011}
}
@inproceedings{fei2012statistical,
  	title={A statistical model for {DPA} with novel algorithmic confusion analysis},
  	author={Fei, Yunsi and Luo, Qiasi and Ding, A Adam},
	booktitle={International Workshop on Cryptographic Hardware and Embedded Systems--CHES},
  	pages={233--250},
  	year={2012}
}
@inproceedings{brier2004correlation,
  	title={Correlation power analysis with a leakage model},
  	author={Brier, Eric and Clavier, Christophe and Olivier, Francis},
  	booktitle={International Workshop on Cryptographic Hardware and Embedded Systems--CHES},
  	pages={16--29},
  	year={2004}
}
@inproceedings{uchida2002single,
  	title={Single-electron random-number generator ({RNG}) for highly secure ubiquitous computing applications},
  	author={Uchida, Ken and Tanamoto, Tetsufumi and Ohba, Ryuji and Yasuda, Shin Ichi and Fujita, Shinobu},
  	booktitle={IEEE International Devices Meeting (IEDM)},
  	year={2002}
}
@inproceedings{puglisi2014analysis,
  	title={Analysis of {RTN} and cycling variability in {HfO}$_2$ {RRAM} devices in {LRS}},
  	author={Puglisi, Francesco Maria and Pavan, Paolo and Larcher, Luca and Padovani, Andrea},
  	booktitle={44$^{\rm th}$ European Solid State Device Research Conference (ESSDERC)},
  	pages={246--249},
  	year={2014}
}
@inproceedings{puglisi2014investigation,
  	title={An investigation on the role of current compliance in {HfO}$_2$-based {RRAM} in {HRS} using {RTN} and {I-V} data},
  	author={Puglisi, Francesco M and Pavan, Paolo},
  	booktitle={15$^{\rm th}$ International Conference on Ultimate Integration on Silicon (ULIS)},
  	pages={129--132},
  	year={2014}
}
@inproceedings{takeuchi2009single,
  	title={Single-charge-based modeling of transistor characteristics fluctuations based on statistical measurement of {RTN} amplitude},
  	author={Takeuchi, K and Nagumo, T and Yokogawa, S and Imai, K and Hayashi, Y},
  	booktitle={Symposium on VLSI Technology},
  	pages={54--55},
  	year={2009}
}
@inproceedings{nagumo2009new,
  	title={New analysis methods for comprehensive understanding of random telegraph noise},
  	author={Nagumo, T and Takeuchi, K and Yokogawa, S and Imai, K and Hayashi, Y},
  	booktitle={IEEE International Electron Devices Meeting (IEDM)},
  	year={2009}
}
@inproceedings{fujita2003si,
  	title={Si nanodevices for random number generating circuits for cryptographic security},
  	author={Fujita, S and Uchida, Ken and Yasuda, S and Ohba, R and Nozaki, H and Tanamoto, T},
  	booktitle={Digest of Technical Papers-IEEE International Solid-State Circuits Conference: Visuals Supplement},
  	year={2003}
}
@inproceedings{chen2011variability,
 	title={Variability of resistive switching memories and its impact on crossbar array performance},
  	author={Chen, An and Lin, Ming Ren},
  	booktitle={IEEE International Reliability Physics Symposium (IRPS)},
  	pages={MY.7.1--4},
  	year={2011}
}
@inproceedings{brederlow2006low,
  	title={A low-power true random number generator using random telegraph noise of single oxide-traps},
  	author={Brederlow, Ralf and Prakash, Ramesh and Paulus, Christian and Thewes, Roland},
  	booktitle={IEEE International Solid State Circuits Conference - Digest of Technical Papers},
  	pages={1666--1675},
  	year={2006}
}
@inproceedings{ergun2005truly,
  	title={A truly random number generator based on a continuous-time chaotic oscillator for applications in cryptography},
  	author={Erg{\"u}n, Salih and {\"O}zo{g̃}uz, Serdar},
  	booktitle={International Symposium on Computer and Information Sciences},
  	pages={205--214},
  	year={2005}
}
@inproceedings{damiani2005new,
  	title={New paradigms for access control in open environments},
  	author={Damiani, Ernesto and di Vimercati, S De Capitani and Samarati, Pierangela},
  	booktitle={Proceedings of the 5$^{\rm th}$ IEEE International Symposium on Signal Processing and Information Technology},
  	pages={540--545},
  	year={2005}
}
@inproceedings{csaba2010application,
  	title={Application of mismatched cellular nonlinear networks for physical cryptography},
	author={Csaba, Gyorgy and Ju, Xueming and Ma, Zhiqian and Chen, Qingqing and Porod, Wolfgang and Schmidhuber, J{\"u}rgen and Schlichtmann, Ulf and Lugli, Paolo and R{\"u}hrmair, U},
  	booktitle={12$^{\rm th}$ IEEE International Workshop on Cellular Nanoscale Networks and Their Applications (CNNA)},
  	pages={1--6},
  	year={2010}
}
@inproceedings{vskoric2005robust,
  	title={Robust key extraction from physical uncloneable functions},
  	author={{\v{S}}kori{\'c}, Boris and Tuyls, Pim and Ophey, Wil},
  	booktitle={Applied Cryptography and Network Security},
  	pages={407--422},
  	year={2005}
}
@inproceedings{rose2013foundations,
  	title={Foundations of memristor based {PUF} architectures},
  	author={Rose, Garrett S and McDonald, Nathan and Yan, Lok-Kwong and Wysocki, Bryant and Xu, Ke},
  	booktitle={IEEE/ACM International Symposium on Nanoscale Architectures (NANOARCH)},
  	pages={52--57},
  	year={2013}
}
@inproceedings{rose2013write,
  	title={A write-time based memristive {PUF} for hardware security applications},
  	author={Rose, Garrett S and McDonald, Nathan and Yan, Lok-Kwong and Wysocki, Bryant},
  	booktitle={IEEE/ACM International Conference on Computer-Aided Design (ICCAD)},
  	pages={830--833},
  	year={2013}
}
@inproceedings{rose2013hardware,
  	title={Hardware security strategies exploiting nanoelectronic circuits},
  	author={Rose, Garrett S and Rajendran, Jeyavijayan and McDonald, Nathan and Karri, Ramesh and Potkonjak, Miodrag and Wysocki, Bryant},
  	booktitle={18$^{\rm th}$ Asia and South Pacific Design Automation Conference (ASP-DAC)},
  	pages={368--372},
  	year={2013}
}
@inproceedings{rajendran2012nano,
  	title={Nano-{PPUF}: A memristor-based security primitive},
  	author={Rajendran, Jeyavijayan and Rose, Garrett S and Karri, Ramesh and Potkonjak, Miodrag},
  	booktitle={IEEE Computer Society Annual Symposium on VLSI (ISVLSI)},
  	pages={84--87},
  	year={2012}
}
@inproceedings{koeberl2013memristor,
  	title={Memristor {PUFs}: A new generation of memory-based physically unclonable functions},
  	author={Koeberl, Patrick and Kocaba{\c{s}}, {\"U}nal and Sadeghi, Ahmad-Reza},
  	booktitle={Proceedings of the Conference on Design, Automation and Test in Europe},
  	pages={428--431},
  	year={2013}
}
@inproceedings{che2014non,
  	title={A non-volatile memory based physically unclonable function without helper data},
  	author={Che, Wenjie and Plusquellic, Jim and Bhunia, Swarup},
  	booktitle={IEEE/ACM International Conference on Computer-Aided Design (ICCAD)},
  	pages={148--153},
  	year={2014}
}
@inproceedings{gao2015mrpuf,
  	title={{mrPUF}: A novel memristive device based physical unclonable function},
  	author={Gao, Yansong and Ranasinghe, Damith C and Al-Sarawi, Said F and Kavehei, Omid and Abbott, Derek},
  	booktitle={Applied Cryptography and Network Security},
  	pages={595--615},
  	year={2015}
}
@inproceedings{merli2011side,
  	title={Side-channel analysis of {PUF}s and fuzzy extractors},
  	author={Merli, Dominik and Schuster, Dieter and Stumpf, Frederic and Sigl, Georg},
  	booktitle={International Conference on Trust and Trustworthy Computing},
  	pages={33--47},
  	year={2011}
}
@inproceedings{rueppel1985correlation,
  	title={Correlation immunity and the summation generator},
  	author={Rueppel, Rainer A},
  	booktitle={Advances in Cryptology--CRYPTO\rq{}85 Proceedings},
  	pages={260--272},
  	year={1985}
}
@inproceedings{xin2011configurable,
  	title={A configurable ring-oscillator-based {PUF} for {Xilinx} {FPGA}s},
  	author={Xin, Xin and Kaps, Jens-Peter and Gaj, Kris},
  	booktitle={14$^{\rm th}$ Euromicro Conference on Digital System Design (DSD)},
  	pages={651--657},
  	year={2011}
}
@inproceedings{majzoobi2008testing,
  	title={Testing techniques for hardware security},
  	author={Majzoobi, Mehrdad and Koushanfar, Farinaz and Potkonjak, Miodrag},
  	booktitle={IEEE International Test Conference (ITC)},
  	pages={1--10},
  	year={2008}
}
@inproceedings{beckmann2009hardware,
  	title={Hardware-based public-key cryptography with public physically unclonable functions},
  	author={Beckmann, Nathan and Potkonjak, Miodrag},
 	booktitle={Information Hiding},
  	pages={206--220},
  	year={2009}
}
@inproceedings{majzoobi2012slender,
  	title={Slender {PUF protocol}: A lightweight, robust, and secure authentication by substring matching},
  	author={Majzoobi, Mehrdad and Rostami, Mohamad and Koushanfar, Farinaz and Wallach, Dan and Devadas, Srinivas},
  	booktitle={IEEE Symposium on Security and Privacy Workshops--SPW},
  	pages={33--44},
  	year={2012}
}
@inproceedings{ruhrmair2010modeling,
	title={Modeling attacks on physical unclonable functions},
    author={R{\"u}hrmair, Ulrich and Sehnke, Frank and S{\"o}lter, Jan and Dror, Gideon and Devadas, Srinivas and Schmidhuber, J{\"u}rgen},
    booktitle={Proceedings of the 17$^{\rm th}$ ACM Conference on Computer and Communications Security},
    pages={237--249},
    year={2010}
}
@inproceedings{stipvcevic2011quantum,
  	title={Quantum random number generators and their use in cryptography},
  	author={Stip{\v{c}}evi{\'c}, Mario},
  	booktitle={Proceedings of the 34$^{\rm th}$ International Convention MIPRO},
  	pages={1474--1479},
  	year={2011}
}
@inproceedings{merli2011semi,
  	title={Semi-invasive {EM} attack on {FPGA RO PUF}s and countermeasures},
  	author={Merli, Dominik and Schuster, Dieter and Stumpf, Frederic and Sigl, Georg},
  	booktitle={Proceedings of the Workshop on Embedded Systems Security},
  	pages={2:1--9},
  	year={2011}
}
@inproceedings{nedospasov2013invasive,
  	title={Invasive {PUF} analysis},
  	author={Nedospasov, Dmitry and Seifert, Jean-Pierre and Helfmeier, Clemens and Boit, Christian},
  	booktitle={Workshop on Fault Diagnosis and Tolerance in Cryptography (FDTC)},
  	pages={30--38},
  	year={2013}
}
@inproceedings{webster1985design,
  	title={On the design of {S}-boxes},
  	author={A F Webster and S E Tavares},
    booktitle={Advances in Cryptology--CRYPTO\rq{}85 Proceedings},
  	pages={523--534},
  	year={1985}
}
@inproceedings{ranasinghe2006confronting,
  	title={Confronting security and privacy threats in modern {RFID} systems},
  	author={Ranasinghe, Damith C and Cole, Peter H},
  	booktitle={Fortieth Asilomar Conference on Signals, Systems and Computers (ACSSC)},
  	pages={2058--2064},
  	year={2006}
}
@inproceedings{tsunoda2007low,
 	title={Low power and high speed switching of {Ti-doped NiO ReRAM} under the unipolar voltage source of less than 3 {V}},
  	author={Tsunoda, K and Kinoshita, K and Noshiro, H and Yamazaki, Y and Iizuka, Tetsuya and Ito, Y and Takahashi, A and Okano, A and Sato, Y and Fukano, T and others},
  	booktitle={IEEE International Electron Devices Meeting (IEDM)},
  	pages={767--770},
  	year={2007}
}
@inproceedings{govoreanu201110,
  	title={10$\times$10nm 2 {Hf/HfO$_x$} crossbar resistive RAM with excellent performance, reliability and low-energy operation},
  	author={Govoreanu, B and Kar, GS and Chen, YY and Paraschiv, V and Kubicek, S and Fantini, A and Radu, IP and Goux, L and Clima, S and Degraeve, R and others},
  	booktitle={IEEE International Electron Devices Meeting (IEDM)},
  	pages={31.6.1--4},
  	year={2011}
}
@inproceedings{Hori2010diffus,
   	author = {Hori, Yohei and Yoshida, Takahiro and Katashita, Toshihiro and Satoh, Akashi},
   	title = {Quantitative and statistical performance evaluation of arbiter physical unclonable functions on {FPGA}s},
   	booktitle = {IEEE International Conference on Reconfigurable Computing and FPGAs (ReConFig)},
   	pages = {298--303},
   	year={2010}
}
@inproceedings{suh2007physical,
  	title={Physical unclonable functions for device authentication and secret key generation},
  	author={Suh, G Edward and Devadas, Srinivas},
  	booktitle={Proceedings of the 44$^{\rm th}$ Annual Design Automation Conference},
  	pages={9--14},
  	year={2007}
}
@inproceedings{guajardo2008brand,
  	title={Brand and {IP} protection with physical unclonable functions},
  	author={Guajardo, Jorge and Kumar, Sandeep S and Schrijen, Geert Jan and Tuyls, Pim},
  	booktitle={IEEE International Symposium on Circuits and Systems (ISCAS)},
  	pages={3186--3189},
  	year={2008}
}
@inproceedings{holcomb2007initial,
  	title={Initial {SRAM} state as a fingerprint and source of true random numbers for {RFID} tags},
  	author={Holcomb, Daniel E and Burleson, Wayne P and Fu, Kevin and others},
  	booktitle={Proceedings of the Conference on RFID Security},
  	volume={7},
  	year={2007},
  	pages={2:1--12}
}
@inproceedings{devadas2008design,
  	title={Design and implementation of {PUF}-based \lq{}unclonable\rq{} {RFID} {IC}s for anti-counterfeiting and security applications},
  	author={Devadas, Srinivas and Suh, Edward and Paral, Sid and Sowell, Richard and Ziola, Tom and Khandelwal, Vivek},
  	booktitle={IEEE International Conference on RFID},
  	pages={58--64},
  	year={2008}
}
@inproceedings{fujisawa2009accurate,
  	title={Accurate Time Constant of Random Telegraph Signal Extracted by a Sufficient Long Time Measurement in Very Large-Scale Array {TEG}},
  	author={Fujisawa, T and Abe, K and Watabe, S and Miyamoto, N and Teramoto, A and Sugawa, S and Ohmi, T},
  	booktitle={IEEE International Conference on Microelectronic Test Structures},
  	pages={19--24},
  	year={2009}
}
@inproceedings{ruhrmair2014pufs,
  	title={{PUF}s at a glance},
  	author={R{\"u}hrmair, Ulrich and Holcomb, Daniel E},
  	booktitle={Design, Automation \& Test in Europe Conference and Exhibition (DATE)},
  	pages={1--6},
    year={2014}
}
@inproceedings{gupta2003manufacturing,
  	title={Manufacturing-aware physical design},
  	author={Gupta, Puneet and Kahng, Andrew B},
  	booktitle={Proceedings of the IEEE/ACM International Conference on Computer-Aided design},
  	pages={681},
  	year={2003}
}
@inproceedings{prall2012update,
  	title={An update on emerging memory: Progress to {2Xnm}},
  	author={Prall, Kirk and Ramaswamy, Nirmal and Kinney, Wayne and Holtzclaw, Karl and Chen, Xiaonan and Strand, Jonathan and Bez, Roberto},
  	booktitle={4$^{\rm th}$ IEEE International Memory Workshop (IMW)},
  	pages={1--5},
  	year={2012}
}
@inproceedings{kumar2008butterfly,
  	title={The butterfly {PUF} protecting {IP} on every {FPGA}},
  	author={Kumar, Sandeep S and Guajardo, Jorge and Maes, Roel and Schrijen, Geert-Jan and Tuyls, Pim},
  	booktitle={IEEE International Symposium on Hardware-Oriented Security and Trust--HOST},
  	pages={67--70},
  	year={2008}
}
@inproceedings{maiti2010large,
  	title={A large scale characterization of {RO-PUF}},
  	author={Maiti, Abhranil and Casarona, Jeff and McHale, Luke and Schaumont, Patrick},
  	booktitle={IEEE International Symposium on Hardware-Oriented Security and Trust--HOST},
  	pages={94--99},
  	year={2010}
}
@inproceedings{yu2012performance,
  	title={Performance metrics and empirical results of a {PUF} cryptographic key generation {ASIC}},
  	author={Yu, Meng-Day and Sowell, Richard and Singh, Alok and M'Raihi, David and Devadas, Srinivas},
  	booktitle={IEEE International Symposium on Hardware-Oriented Security and Trust--HOST},
  	pages={108--115},
  	year={2012}
}
@inproceedings{skorobogatov2002optical,
  	title={Optical fault induction attacks},
  	author={Skorobogatov, Sergei P and Anderson, Ross J},
  	booktitle={International Workshop on Cryptographic Hardware and Embedded Systems--CHES},
  	pages={2--12},
  	year={2002}
}
@inproceedings{helfmeier2013cloning,
  	title={Cloning physically unclonable functions},
  	author={Helfmeier, Clemens and Boit, Christian and Nedospasov, Dmitry and Seifert, Jean-Pierre},
  	booktitle={IEEE International Symposium on Hardware-Oriented Security and Trust--HOST},
  	pages={1--6},
  	year={2013}
}
@inproceedings{dyka2012side,
  	title={Side channel attacks and the non volatile memory of the future},
  	author={Dyka, Zoya and Walczyk, Christian and Walczyk, Damian and Wenger, Christian and Langendoerfer, Peter},
  	booktitle={Proceedings of the 2012 International Conference on Compilers, architectures and synthesis for embedded systems},
  	pages={13--16},
  	year={2012}
}
@inproceedings{delvaux2013side,
  	title={Side channel modeling attacks on 65nm arbiter {PUF}s exploiting {CMOS} device noise},
  	author={Delvaux, Jeroen and Verbauwhede, Ingrid},
  	booktitle={IEEE International Symposium on Hardware-Oriented Security and Trust--HOST},
  	pages={137--142},
  	year={2013}
}
@inproceedings{chen2015exploiting,
  	title={Exploiting resistive cross-point array for compact design of physical unclonable function},
  	author={Chen, Pai-Yu and Fang, Runchen and Liu, Rui and Chakrabarti, Chaitali and Cao, Yu and Yu, Shimeng},
  	booktitle={IEEE International Symposium on Hardware-Oriented Security and Trust--HOST},
  	pages={26--31},
  	year={2015}
}
@inproceedings{gao2016obfuscated,
  	title={Obfuscated challenge-response: A secure lightweight authentication mechanism for {PUF}-based pervasive devices},
  	author={Gao, Yansong and Li, Gefei and Ma, Hua and Al-Sarawi, Said F and Kavehei, Omid and Abbott, Derek and Ranasinghe, Damith C},
  	booktitle={IEEE International Conference on Pervasive Computing and Communication Workshops (PerCom Workshops)},
  	pages={1--6},
  	year={2016}
}
@inproceedings{oren2013effectiveness,
  	title={On the effectiveness of the remanence decay side-channel to clone memory-based {PUF}s},
  	author={Oren, Yossef and Sadeghi, Ahmad-Reza and Wachsmann, Christian},
  	booktitle={International Workshop on Cryptographic Hardware and Embedded Systems--CHES},
  	pages={107--125},
  	year={2013}
}
@inproceedings{guajardo2007fpga,
  	title={{FPGA} intrinsic {PUF}s and their use for {IP} protection},
  	author={Guajardo, Jorge and Kumar, Sandeep S and Schrijen, Geert-Jan and Tuyls, Pim},
  	booktitle={International Workshop on Cryptographic Hardware and Embedded Systems--CHES},
  	pages={63--80},
  	year={2007}
}
@inproceedings{tajik2014physical,
  	title={Physical characterization of arbiter {PUF}s},
  	author={Tajik, Shahin and Dietz, Enrico and Frohmann, Sven and Seifert, Jean-Pierre and Nedospasov, Dmitry and Helfmeier, Clemens and Boit, Christian and Dittrich, Helmar},
  	booktitle={International Workshop on Cryptographic Hardware and Embedded Systems--CHES},
  	pages={493--509},
  	year={2014}
}
@inproceedings{yang2015robust,
  	title={A robust -40 to 120 $^{\circ}${C} all-digital true random number generator in 40nm {CMOS}},
  	author={Yang, Kaiyuan and Blaauw, David and Sylvester, Dennis},
  	booktitle={Symposium on VLSI Circuits (VLSI Circuits)},
  	pages={C248--249},
  	year={2015}
}
















@incollection{medaglia2010overview,
    title={An overview of privacy and security issues in the {I}nternet of {T}hings},
    author={Medaglia, Carlo Maria and Serbanati, Alexandru},
    booktitle={The Internet of Things},
    pages={389--395},
    year={2010}
}
@incollection{skoric2007experimental,
    title={Experimental hardware for coating {PUFs} and optical {PUFs}},
    author={Skoric, Boris and Schrijen, Geert-Jan and Ophey, Wil and Wolters, Rob and Verhaegh, Nynke and van Geloven, Jan},
    booktitle={Security with Noisy Data},
    pages={255--268},
    year={2007}
}
@incollection{maes2009low,
    title={Low-overhead implementation of a soft decision helper data algorithm for {SRAM PUF}s},
    author={Maes, Roel and Tuyls, Pim and Verbauwhede, Ingrid},
    booktitle={Cryptographic Hardware and Embedded Systems--CHES},
    pages={332--347},
    year={2009}
}
@incollection{plusquellic2017puf,
    title={{PUF}-based authentication},
  author={Plusquellic, Jim},
    booktitle={Fundamentals of IP and SoC Security},
    pages={115--166},
    year={2017}
}
@incollection{tuyls2006secret,
  	title={Secret key generation from classical physics: Physical uncloneable functions},
  	author={Tuyls, Pim and {\v{S}}kori{\'c}, Boris},
  	booktitle={AmIware Hardware Technology Drivers of Ambient Intelligence},
  	pages={421--447},
  	year={2006}
}
@incollection{chang2014energy,
  	title={Energy Efficient Systems Using Resistive Memory Devices},
  	author={Chang, Meng-Fan and Chiu, Pi-Feng},
  	booktitle={Emerging Memory Technologies},
  	pages={79--115},
  	year={2014}
}
@incollection{kim2010statistics,
  	title={From statistics to circuits: Foundations for future physical unclonable functions},
  	author={Kim, Inyoung and Maiti, Abhranil and Nazhandali, Leyla and Schaumont, Patrick and Vivekraja, Vignesh and Zhang, Huaiye},
  	booktitle={Towards Hardware-Intrinsic Security},
 	pages={55--78},
  	year={2010}
}
@incollection{uryasev2000introduction,
  	title={Introduction to the theory of probabilistic functions and percentiles (value-at-risk)},
  	author={Uryasev, Stanislav},
  	booktitle={Probabilistic Constrained Optimization},
  	pages={1--25},
  	year={2000}
}
@incollection{van2012efficient,
  	title={Efficient implementation of true random number generator based on {SRAM PUF}s},
  	author={{van~der~Leest}, Vincent and {van der Sluis}, Erik and Schrijen, Geert-Jan and Tuyls, Pim and Handschuh, Helena},
  	booktitle={Cryptography and Security: From Theory to Applications},
  	pages={300--318},
  	year={2012}
}
@incollection{koeberl2011silicon,
    title={Silicon {PUF}s in Practice},
    author={Koeberl, Patrick and Li, Jiangtao and Rajan, Anand and Vishik, Claire},
    booktitle={ISSE 2010 Securing Electronic Business Processes},
    pages={300--311},
    year={2011}
}
@incollection{ruhrmair2012security,
  	title={Security based on physical unclonability and disrder},
  	author={R{\"u}hrmair, Ulrich and Devadas, Srinivas and Koushanfar, Farinaz},
  	booktitle={Introduction to Hardware Security and Trust},
  	pages={65--102},
  	year={2012}
}
@incollection{kim2015puf,
  	title={{PUF}-Based Privacy Protection Method in {VANET} Environment},
  	author={Kim, Mansik and Choi, Wonkyu and Lee, Ayoung and Jun, Moon-seog},
  	booktitle={Advances in Computer Science and Ubiquitous Computing},
  	pages={263--268},
  	year={2015}
}
@incollection{durvaux2014survey,
  	title={A survey of recent results in {FPGA} security and intellectual property protection},
  	author={Durvaux, Fran{\c{c}}ois and Kerckhof, St{\'e}phanie and Regazzoni, Francesco and Standaert, Fran{\c{c}}ois-Xavier},
  	booktitle={Secure Smart Embedded Devices, Platforms and Applications},
  	pages={201--224},
  	year={2014}
}
@incollection{busch2009puf,
  	title={{PUF}-based authentication protocols--revisited},
  	author={Busch, Heike and Katzenbeisser, Stefan and Baecher, Paul},
  	booktitle={Information Security Applications},
  	pages={296--308},
  	year={2009}
}
@incollection{handschuh2010hardware,
  	title={Hardware intrinsic security from physically unclonable functions},
  	author={Handschuh, Helena and Schrijen, Geert-Jan and Tuyls, Pim},
  	booktitle={Towards Hardware-Intrinsic Security},
  	pages={39--53},
  	year={2010}
}
@incollection{ruhrmair2010strong,
  	title={Strong {PUF}s: Models, constructions, and security proofs},
  	author={R{\"u}hrmair, Ulrich and Busch, Heike and Katzenbeisser, Stefan},
  	booktitle={Towards Hardware-Intrinsic Security},
  	pages={79--96},
  	year={2010}
}
@incollection{maes2010physically,
   	author={Maes, Roel and Verbauwhede, Ingrid},
   	title={Physically unclonable functions: A study on the state of the art and future research directions},
   	booktitle={Towards Hardware-Intrinsic Security},
   	pages={3--37},
   	year={2010}
}
@incollection{kim2010statistics,
    title={From statistics to circuits: Foundations for future physical unclonable functions},
    author={Kim, Inyoung and Maiti, Abhranil and Nazhandali, Leyla and Schaumont, Patrick and Vivekraja, Vignesh and Zhang, Huaiye},
    booktitle={Towards Hardware-Intrinsic Security},
    pages={55--78},
    year={2010}
}
@incollection{lee2004technique,
  	title={A technique to build a secret key in integrated circuits for identification and authentication applications},
  	author={Lee, Jae W and Lim, Daihyun and Gassend, Blaise and Suh, G Edward and Van Dijk, Marten and Devadas, Srinivas},
  	booktitle={IEEE Symposium on VLSI Circuits, Digest of Technical Papers},
  	pages={176--179},
  	year={2004}
}
@incollection{kang2012performance,
  	title={Performance of Physical Unclonable Functions with Shift-Register-Based Post-processing},
  	author={Kang, Hyunho and Hori, Yohei and Katashita, Toshihiro and Satoh, Akashi},
  	booktitle={Computer Applications for Security, Control and System Engineering},
  	pages={14--21},
  	year={2012}
}

















@inbook{waser2012nanoelectronics,
    title={Nanoelectronics and information technology},
    author={Waser, Rainer},
    year={2012},
    publisher={John Wiley \& Sons}
}
@inbook{katz1996handbook,
    title={Handbook of applied cryptography},
    author={Katz, Jonathan and Menezes, Alfred J and Van Oorschot, Paul C and Vanstone, Scott A},
    year={1996},
    publisher={CRC press}
}
@inbook{anderson2010security,
  	title={Security engineering: A guide to building dependable distributed systems},
  	author={Anderson, Ross J},
  	year={2010},
  	publisher={John Wiley \& Sons}
}
@inbook{cusick2017cryptographic,
    title={Cryptographic Boolean functions and applications},
    author={Cusick, Thomas W and Stanica, Pantelimon},
    year={2017},
    publisher={Academic Press}
}
@inbook{menezes1996handbook,
  	title={Handbook of applied cryptography},
  	author={Menezes, Alfred J and Van Oorschot, Paul C and Vanstone, Scott A},
  	year={1996},
  	chapter={6},
  	publisher={CRC press}
}
@inbook{paar2009understanding,
    title={Understanding cryptography: A textbook for students and practitioners},
    author={Paar, Christof and Pelzl, Jan},
    year={2009},
    publisher={Springer Science \& Business Media}
}
@inbook{clamp1994,
  	title={Voltage clamp techniques. {In: Odgen D (ed) Microelectrod techniques}},
  	author={Halliwell James V, Plant Tim D, Robbins Jon, Standen Nick B},
  	booktitle={The Company of Biologists},
  	pages={17--35},
  	year={1994},
  	publisher={Cambridge}
}
@inbook{maiti2013systematic,
  	title={A systematic method to evaluate and compare the performance of physical unclonable functions},
  	author={Maiti, Abhranil and Gunreddy, Vikash and Schaumont, Patrick},
  	booktitle={Embedded systems design with FPGAs},
  	pages={245--267},
  	year={2013},
  	publisher={Springer}
}








@phdthesis{vrijaldenhoven2005acoustical,
	title={Acoustical physical uncloneable functions},
	author={Vrijaldenhoven, Serge},
	year={2005},
	school={Eindhoven University of Technology},
    type={Master\rq{}s dissertation}
}
@phdthesis{gaba2014resistive,
  	title={Resistive-{RAM} for Data Storage Applications},
  	author={Gaba, Siddharth},
  	year={2014},
    school={University of Michigan},
    type={PhD dissertation}
}
@phdthesis{limthesis2004extracting,
  	title={Extracting Secret Keys from Integrated Circuits},
  	author={Lim, Daihyun},
  	year={2004},
  	school={Massachusetts Institute of Technology (MIT)},
	type={PhD dissertation}
}
@phdthesis{pappala2012device,
  	title={Device specific key generation technique for anti-counterfeiting methods using {FPGA} based physically unclonable functions and artificial intelligence},
  	author={Pappala, Swetha},
  	year={2012},
  	school={University of Toledo},
	type={PhD dissertation}
}
@phdthesis{herder2016towards,
  	title={Towards security without secrets},
  	author={Herder III, Charles Henry},
  	year={2016},
  	school={Massachusetts Institute of Technology},
	type={PhD dissertation}
}
@phdthesis{colopy2009sram,
  	title={{SRAM} characteristics as physical unclonable functions},
  	author={Colopy, Robyn},
  	year={2009},
  	school={Worcester Polytechnic Institute},
	type={PhD dissertation}
}
@phdthesis{vyas2016variation,
  	title={Variation Aware Placement for Efficient Key Generation using Physically Unclonable Functions in Reconfigurable Systems},
  	author={Vyas, Shrikant S},
  	year={2016},
  	school={University of Massachusetts},
	type={PhD dissertation}
}
@phdthesis{rovzic2016circuit,
  	title={Circuit-Level Optimizations for Cryptography},
  	author={Ro{\v{z}}ic, Vladimir},
  	year={2016},
  	school={University of KU Leuven},
	type={PhD dissertation}
}
@phdthesis{xiao2015techniques,
  	title={Techniques for Improving Security and Trustworthiness of Integrated Circuits},
  	author={Xiao, Kan},
  	year={2015},  	
  	school={University of Connecticut},
	type={PhD dissertation}
}
@phdthesis{li2015security,
  	title={Security and Privacy in {RFID} Systems},
  	author={Li, Nan},
  	year={2015},
  	school={University of Wollongong },
	type={PhD dissertation}
}
@phdthesis{ganta2015effort,
  	title={An Effort toward Building more Secure and Efficient Physical Unclonable Functions},
  	author={Ganta, Dinesh},
 	year={2015},
  	school={Virginia Tech},
	type={PhD dissertation}
}
@phdthesis{skorobogatov2005semi,
	title={Semi-invasive attacks -- a new approach to hardware security analysis},
	author={Skorobogatov, Sergei Petrovich},
	year={2004},
	school={University of Cambridge Computer Laboratory},
	type={PhD dissertation}
}
@phdthesis{shrivastava2015rram,
	title={{RRAM}-based {PUF}: Design and Applications in Cryptography},
	author={Shrivastava, Ayush},
	year={2015},
	school={Arizona State University},
	type={PhD dissertation}
}
@phdthesis{gassend2003physical,
	title={Physical random functions},
	author={Gassend, Blaise LP},
	year={2003},
	school={Massachusetts Institute of Technology},
	type={PhD dissertation}
}
@phdthesis{maes2012thesis,
	title={Physically unclonable functions: Constructions, properties and applications},
	author={Maes, Roel},
	year={2012},
	school={University of KU Leuven},
	type={PhD dissertation}
}
@phdthesis{pappu2001dissertation,
	author={Pappu, Ravikanth Srinivasa},
	title={Physical one-way functions},
	school={Massachusetts Institute of Technology},
	year={2001},
	type={PhD dissertation}
}
\end{filecontents}
